2915 3642
305 293 322 305 ..
431 313 442 339 ²
471 304 886 379 ’001131111ςο01110133
915 328 1045 371 etiam
1073 328 1128 371 ad
1156 329 1292 380 Stichi
1321 341 1360 372 v.
1391 331 1472 373 301
1505 329 1584 386 (ΙΙ,
1618 329 1656 379 1,
1691 328 1786 382 29):
1823 327 1928 371 »Sed
1956 327 2123 371 tandem
2152 339 2279 382 quom
2306 326 2506 383 recogito.
2535 326 2608 382 qui
2630 325 2777 383 penit

289 404 396 452 seim
434 403 537 446 111100
566 403 671 447 seire
699 415 790 446 me«
807 405 829 445 Ρ
886 403 1111 446 Ritschelii
1139 403 1465 446 annotationem.
1507 408 1572 446 ‘an
1599 404 1706 456 potis
1735 406 1794 444 est
1835 402 1988 455 potius’
1995 405 2034 452 Ρ,
2080 403 2252 445 Luchsii
2281 401 2540 445 coniecturas
2570 402 2656 456 ‘qui
2672 401 2777 449 fici

163 533 167 538 ‚
289 477 401 532 potis
433 477 522 519 est’
566 489 639 531 pro
685 477 771 531 ‘qui
817 477 921 519 30110
951 476 1082 530 potui'
1114 476 1155 518 in
1187 476 1308 518 Poen.
1341 490 1378 518 v.
1410 478 1494 519 986
1526 478 1602 532 (ΙΙ,
1634 478 1675 527 2,
1706 477 1780 532 26)
1813 500 1866 506 —
1897 476 1948 518 de
1978 476 2150 518 coniect
2186 475 2402 532 (Gepperti
2432 475 2557 531 ‘potis
2587 476 2680 518 sim'
2709 476 2776 534 et)

292 550 486 594 Muelleri
530 551 781 605 Beckerique
825 551 949 605 ‘potis
992 552 1098 593 sum'
1149 564 1183 592 v.
1215 550 1322 593 infra
1352 576 1405 581 —
1438 554 1481 593 et
1525 551 1612 606 ‘qui
1647 551 1757 607 potis
1799 552 1864 592 est
1893 550 1995 592 fieri'
2027 550 2128 592 ibid.
2162 550 2272 592 1056
2302 549 2371 606 (V,
2403 551 2443 602 2,
2474 549 2550 605 96)
2585 561 2657 605 pro
2688 549 2776 605 ·qui

290 623 431 679 potuit
459 624 642 679 fieri'¹²),
673 624 897 667 Ritschelii
931 624 1210 667 coniecturam
1241 630 1356 666 ‘uxor
1386 625 1422 666 si
1453 638 1501 666 ea
1533 625 1629 666 duci
1659 626 1770 679 potis
1800 628 1865 666 est
1895 627 2084 678 usquam*
2116 625 2158 665 in
2178 625 2270 666 Mil.
2292 625 2396 680 glor.
2428 636 2466 666 v.
2497 625 2585 666 684
2612 625 2711 678 (111,
2734 625 2774 674 1,

290 698 364 754 91)
384 697 486 754 (iam
506 697 626 753 plane
655 697 872 753 caducam)
888 699 949 752 ¹³).
1010 697 1363 741 Commemorasse
1384 699 1497 741 locos
1522 699 1705 741 sufficiat
1734 699 1822 749 hos,
1854 711 1903 740 ne
1935 699 2047 740 varia
2077 710 2261 752 vanaque
2287 698 2490 754 farragine
2517 697 2776 753 singularum

290 786 440 825 rerum,
471 785 576 828 quae
604 773 722 815 nobis
753 773 795 815 in
816 785 936 814 usum
959 773 1201 816 Plautinum
1222 774 1336 816 verbi
1365 777 1510 828 ‘posse'
1543 775 1845 828 inquirentibus
1867 786 2032 828 prorsus
2062 773 2167 815 nihil
2198 773 2303 816 lucri
2333 773 2561 828 auxiliique
2588 772 2775 822 afferant,

292 861 314 892 e
342 847 573 891 necessaria
607 848 841 890 mehercule
877 847 1115 890 subtilitate
1151 848 1193 891 in
1231 848 1530 902 loquacitatem
1567 849 1820 892 deducamur
1856 848 1932 891 hac
1971 848 2013 890 in
2043 848 2282 902 quaestione
2311 860 2388 890 non
2415 849 2503 891 tam
2535 846 2774 891 ‘statistica'

290 935 416 980 quam
458 922 733 978 grammatica
776 925 819 966 et
863 922 1010 966 critica
1039 922 1280 966 molestam:
1326 937 1422 966 nam
1452 937 1547 966 cum
1578 924 1628 967 de
1658 937 1738 967 usu
1769 923 1963 966 Plautino
1995 923 2119 966 huius
2151 923 2265 966 verbi
2296 922 2497 966 sententia
2533 935 2613 966 11011
2641 921 2777 978 possit

291 1011 380 1042 esse
407 1010 486 1041 non
515 1010 609 1049 una,
641 998 753 1041 varia
791 1011 880 1041 esse
911 997 1074 1053 saepius
1104 999 1243 1053 potest
1271 997 1321 1041 de
1348 998 1612 1042 emendandis
1642 999 1746 1042 locis
1778 998 1968 1055 singulis.

497 1073 629 1115 Paulo
661 1073 895 1115 intricatius
926 1087 969 1115 se
999 1074 1127 1116 habet
1155 1086 1219 1115 res
1255 1073 1298 1116 in
1327 1074 1445 1116 Asin.
1479 1088 1517 1116 v.
1550 1076 1633 1117 558
1664 1075 1763 1129 (ΙΙΙ,
1795 1076 1835 1125 2,
1869 1076 1954 1130 12),
1986 1085 2068 1127 0110
2098 1072 2189 1114 1000
2219 1072 2317 1114 libri
2347 1084 2426 1114 uno
2456 1072 2538 1114 fere
2568 1084 2636 1114 ore

842 1149 1015 1202 „Edepol
1044 1150 1209 1191 virtutes
1238 1149 1304 1203 qui
1332 1153 1425 1191 tuas
1455 1162 1557 1192 nune
1578 1151 1709 1203 possis
1739 1150 1993 1202 conlaudare,

838 1224 945 1268 Sicut
975 1237 1043 1278 eqo
1067 1225 1228 1278 possim,
1259 1238 1360 1278 quae
1389 1224 1494 1267 domi
1522 1225 1718 1279 duellique
1747 1226 1851 1268 male
1870 1226 2040 1277 fecisti“

289 1297 571 1341 coniunctivos
603 1299 762 1353 ‘possis'
794 1302 837 1343 et
868 1299 1053 1355 ‘possim’
1084 1299 1183 1354 (nisi
1216 1299 1328 1353 quod
1358 1300 1392 1342 F
1425 1302 1620 1354 ‘possum'
1660 1300 1792 1342 altero
1830 1300 1967 1355 versu)
2004 1299 2208 1343 exhibent.
2269 1300 2326 1343 ‘Si
2363 1299 2479 1341 100113
2507 1298 2666 1354 integer
2693 1300 2773 1350 est,

295 1371 383 1415 »Tu
413 1385 532 1415 vero«
555 1372 704 1428 inquit'
726 1374 918 1425 Leonida,
951 1374 1145 1416 ‘virtutes
1167 1375 1261 1416 tuas
1293 1376 1382 1416 tam
1412 1373 1583 1416 laudare
1612 1377 1742 1430 potes,
1775 1387 1900 1429 quam
1930 1387 2006 1430 ego
2036 1374 2259 1417 malefacta
2278 1376 2408 1425 tua'«,
2439 1376 2489 1416 ut
2508 1371 2775 1429 hypothetice

290 1447 522 1499 efferantur,
559 1457 663 1503 quae
684 1449 932 1505 simpliciter
953 1449 1200 1492 declaranda
1221 1452 1349 1500 erant,
1381 1449 1500 1492 cuius
1530 1450 1590 1492 rei
1620 1450 1814 1504 quoniam
1845 1450 2045 1494 rationem
2075 1449 2276 1500 desidero,
2307 1449 2453 1492 malim
2483 1461 2579 1492 cum
2602 1447 2771 1492 Gertzio
2823 1482 2826 1486 .

289 1537 365 1565 non
395 1535 468 1578 pro
498 1538 600 1566 nune
629 1525 833 1576 scribere’,
872 1537 977 1579 quae
1008 1523 1195 1579 Ussingii
1234 1522 1436 1567 sententia
1467 1524 1537 1578 (cf.
1569 1527 1788 1567 comment.
1822 1524 1861 1566 in
1893 1525 2007 1567 Asin.
2055 1549 2108 1554 —
2153 1524 2253 1568 edit.
2285 1524 2422 1567 Plaut.
2454 1523 2534 1567 vol.
2566 1523 2588 1567 I
2616 1548 2674 1556 —
2703 1535 2773 1579 pg.

290 1599 392 1654 404)
434 1598 547 1642 haud
591 1598 798 1654 displicet.
858 1599 1144 1642 Nihilominus
1190 1597 1351 1642 Goetzii
1396 1598 1631 1653 Loewiique
1676 1599 1841 1642 demum
1888 1599 2135 1650 coniectura,
2182 1599 2252 1654 qui
2288 1599 2505 1642 voluerunt
2534 1603 2627 1642 ‘non
2654 1598 2768 1655 potis

289 1676 345 1717 es'
388 1686 460 1728 pro
500 1678 617 1717 ‘nunc
660 1674 807 1728 possis*
853 1673 971 1716 codd.
1017 1672 1172 1716 tradito
1205 1697 1257 1703 —
1289 1673 1430 1727 itaque
1475 1686 1523 1715 ne
1565 1674 1644 1715 1100
1690 1673 1858 1729 quidem
1907 1674 2071 1716 silentio
2101 1674 2444 1729 praetermittam,
2475 1673 2772 1729 Hermanniu)

289 1748 547 1792 coniecturae
589 1749 746 1804 ‘possit'
792 1749 835 1791 in
863 1749 975 1791 Pers.
1007 1762 1045 1790 v.
1077 1749 1132 1790 40
1162 1748 1217 1804 (I,
1252 1749 1289 1799 1,
1322 1749 1394 1804 41)
1436 1761 1509 1803 pro
1556 1748 1679 1804 ‘potis
1724 1752 1800 1791 est‘
1837 1749 1993 1792 tradito
2035 1749 2240 1791 contraria
2285 1774 2353 1800 —,
2399 1753 2517 1791 *1111110
2562 1747 2709 1803 possit’
2747 1759 2775 1791 a

289 1824 492 1875 Scutario,
522 1824 619 1866 aliis
650 1825 817 1879 scripto,
850 1830 941 1866 ‘non
970 1824 1115 1878 possis'
1147 1836 1172 1865 a
1192 1823 1357 1865 Gertzio
1388 1824 1686 1873 commendato,
1719 1826 1943 1867 sententiae
1974 1826 2093 1878 plane
2124 1825 2387 1867 satisfactum
2417 1824 2557 1867 iudico
2585 1823 2771 1878 ‘possim'

289 1895 452 1954 quoque
495 1900 615 1942 libris
658 1901 836 1955 (praeter
877 1900 927 1953 F)
974 1899 1204 1941 exhibitum
1253 1901 1348 1952 post
1390 1899 1522 1942 ‘Sicut
1574 1902 1663 1954 ego'
1716 1913 1810 1941 cum
1855 1900 1899 1941 F.
1946 1899 2123 1954 Pylade,
2177 1899 2439 1941 Fleckeiseno
2488 1899 2532 1940 in
2575 1899 2773 1952 ’possum'

290 1974 563 2017 mutantium.

495 2048 575 2090 Pro
605 2048 759 2091 tradito
791 2049 955 2102 ‘potest'
989 2048 1030 2090 in
1052 2047 1203 2101 Amph.
1237 2061 1273 2089 v.
1306 2048 1388 2089 231
1423 2048 1475 2103 (Ι,
1510 2049 1547 2097 1,
1582 2049 1672 2102 76);

842 2124 948 2175 „Pro
977 2137 1020 2166 se
1050 2124 1208 2178 quisque
1237 2123 1279 2165 id
1307 2123 1409 2178 quod
1438 2124 1596 2178 quisque
1617 2127 1749 2178 potest
1780 2127 1817 2166 el
1847 2124 1979 2166 valet⁴⁶

290 2197 494 2241 efficiendi
524 2212 665 2241 versus
695 2212 820 2242 causa
850 2199 953 2242 recti
984 2202 1281 2254 proposuerunt
1312 2200 1457 2248 Bothe,
1494 2200 1713 2250 Hermann,
1745 2199 1992 2242 Lindemann
2024 2201 2078 2242 ‘et
2109 2201 2259 2253 potest'
2291 2211 2316 2242 a
2337 2199 2509 2242 Goetzio
2543 2210 2704 2253 quoque
2729 2200 2772 2241 et

291 2272 453 2314 Loewio
484 2276 707 2327 receptum,
739 2275 941 2316 Muellero
955 2276 1007 2329 ¹⁵)
1029 2274 1244 2327 ‘quisquis'
1274 2276 1369 2315 ante
1400 2277 1563 2327 ‘potest'
1597 2286 1668 2327 pro
1693 2275 1891 2327 ‘quisque'
1915 2274 2070 2316 tradito
2093 2273 2356 2315 scribendum
2377 2273 2419 2315 111
2440 2275 2620 2315 mentem
2643 2272 2772 2320 venit,

291 2336 431 2389 Etiam
459 2347 596 2389 minus
626 2347 810 2390 mutasse
841 2348 997 2390 ratione
1017 2348 1282 2390 librariorum
1312 2350 1495 2401 respecta
1519 2348 1673 2402 Ussing
1693 2348 1796 2390 mihi
1827 2348 1895 2389 hic
1916 2347 2079 2389 videtur
2109 2349 2272 2400 ‘potest'
2304 2346 2539 2390 distrahens
2570 2345 2772 2400 simplici-

222 2414 232 2417 ”
293 2421 361 2463 ter
390 2420 433 2463 in
462 2420 585 2475 ‘potis
615 2422 706 2472 est',
738 2433 862 2475 quare
891 2433 1019 2464 nonne
1050 2421 1150 2465 haec
1181 2421 1412 2465 emendatio
1449 2419 1708 2477 praeferenda
1744 2422 1848 2465 erit?

494 2497 537 2549 β.
569 2495 660 2538 Hac
690 2495 731 2538 in
761 2495 979 2549 particula,
1011 2495 1062 2538 de
1092 2509 1174 2551 qua
1203 2510 1308 2540 nunc
1339 2498 1516 2553 agimus,
1550 2498 1815 2552 quaestionis,
1852 2501 1899 2540 ut
1928 2496 2083 2553 litteris
2114 2512 2158 2538 α.
2180 2499 2223 2539 et
2242 2498 2284 2550 β.
2316 2496 2358 2537 111
2388 2495 2524 2549 capite
2554 2494 2770 2537 collocatis

290 2581 531 2626 cognoscas,
577 2568 823 2613 divisionem
867 2568 1073 2625 quandam
1114 2571 1307 2615 volumus
1351 2572 1575 2616 formarum
1605 2573 1673 2616 hic
1703 2573 1961 2616 institutamt
1992 2571 2198 2626 superiore
2228 2571 2304 2615 illa
2335 2570 2539 2625 particula
2570 2569 2667 2625 (sub
2698 2568 2762 2621 α.)

294 2643 345 2687 (10
374 2644 519 2687 formis
551 2645 672 2700 ‘potis
702 2647 758 2687 es'
790 2647 832 2687 et
863 2645 986 2700 ‘potis
1016 2647 1092 2687 est'
1124 2646 1420 2697 disseruimus,
1468 2648 1750 2691 disserendum
1794 2648 1879 2690 iam
1924 2647 2041 2690 nobis
2071 2646 2122 2689 de
2157 2646 2315 2689 talibus
2351 2645 2507 2696 formis,
2549 2644 2693 2698 quales
2721 2643 2765 2687 in

291 2730 357 2761 vv.
388 2719 511 2762 Poen.
544 2720 628 2763 227
660 2720 712 2775 (Ι,
744 2721 783 2770 2,
818 2721 908 2774 17),
939 2720 1040 2762 ibid.
1072 2721 1156 2763 875
1186 2721 1278 2775 (IV,
1307 2723 1348 2772 2,
1381 2723 1467 2776 53),
1500 2722 1625 2764 Mere.
1659 2723 1740 2765 331
1774 2722 1849 2776 (II,
1881 2722 1921 2771 2,
1951 2722 2024 2775 59)
2056 2723 2153 2763 311111
2182 2720 2373 2763 traditae.
2433 2718 2768 2774 Segregationem

291 2794 447 2846 autem,
487 2796 537 2837 ut
580 2794 657 2837 11οο
695 2794 942 2837 Tertulliani
986 2794 1293 2838 substantivum
1339 2795 1445 2838 mihi
1486 2795 1741 2852 indulgeam,
1780 2795 2005 2852 formarum
2044 2795 2168 2850 ‘potis
2204 2797 2275 2845 es',
2322 2793 2444 2850 ‘potis
2483 2795 2559 2836 est'
2590 2806 2616 2836 a
2645 2792 2771 2848 ‘potis

290 2869 414 2919 sunta
461 2868 584 2923 ‘potis
627 2869 734 2919 sim’,
781 2869 904 2923 ‘potis
950 2869 1035 2921 sis',
1081 2882 1186 2924 quae
1215 2882 1340 2924 quam
1370 2883 1496 2918 rarae,
1527 2883 1551 2912 a
1582 2870 1771 2913 Terentio
1802 2870 1922 2926 plane
1964 2870 2158 2922 evitatae,
2202 2870 2320 2912 nobis
2365 2869 2406 2911 in
2435 2868 2578 2910 Plauti
2615 2866 2771 2910 fabulis

296 2944 533 2994 occurrant,
580 2956 602 2985 e
645 2943 750 2986 locis
794 2943 936 2986 allatis
978 2944 1255 2987 ratiunculam
1296 2944 1384 2999 ipse
1414 2944 1632 2996 subducas,
1662 2945 1832 2987 minime.
1864 2958 1886 2987 e
1916 2945 2102 2997 libidine,
2139 2945 2210 2987 sed
2239 2957 2286 2987 ex
2316 2944 2503 2986 consult-o
2533 2945 2671 2997 atque,
2723 2944 2773 2984 ut

299 3015 492 3069 equidem
523 3017 676 3071 opinor,
706 3031 753 3059 ex
784 3031 826 3059 re
859 3018 1035 3059 velimus
1067 3019 1234 3070 factam,
1272 3018 1395 3072 idque
1426 3019 1500 3060 has
1534 3021 1584 3061 ob
1617 3032 1781 3061 causas:

497 3164 565 3211 12)
599 3166 768 3211 Inspicias
792 3167 912 3201 Herm.
936 3168 1005 3201 vol.
1031 3168 1120 3202 VIII
1145 3169 1193 3212 (a.
1218 3169 1324 3214 1873)
1350 3178 1434 3213 pgg.
1460 3168 1527 3203 118
1550 3169 1586 3201 et
1610 3168 1687 3204 117.
1736 3167 1800 3211 13)
1818 3168 1860 3201 cf.
1888 3168 1996 3203 Brixii
2020 3171 2138 3203 annot.
2162 3168 2206 3202 ad
2231 3168 2265 3203 h.
2291 3179 2323 3202 v.
2352 3169 2388 3202 in
2412 3167 2604 3213 appendice
2627 3168 2757 3203 factum

289 3224 544 3271 praecipueque
568 3226 609 3264 Ο.
627 3228 819 3264 Ribbeckii.
868 3228 932 3273 14)
957 3230 1000 3264 cf.
1023 3229 1130 3265 Jahni
1153 3230 1279 3265 Annal.
1302 3230 1389 3275 phil.
1413 3240 1492 3264 nov.
1516 3231 1600 3264 tom.
1626 3228 1759 3264 XXXV
1784 3240 1844 3275 pg.
1870 3232 1938 3267 193
1962 3241 2013 3276 sq.
2061 3230 2127 3276 15)
2151 3242 2182 3264 v.
2208 3230 2334 3265 ‘Plaut
2359 3231 2469 3265 Pros.'
2492 3241 2552 3276 pg.
2575 3231 2657 3270 624.

571 253 584 264 “
628 252 861 310 Brixiique)
904 252 1031 309 ‘potis
1066 256 1146 302 est’
1181 267 1255 311 pro
1298 256 1466 311 ‘potius
1509 256 1577 301 vel
1607 254 1765 310 ‘pitius’
1795 253 1954 298 tradita
1996 253 2039 296 in
2076 253 2200 296 Truc.
2229 264 2269 296 v.
2300 253 2386 296 653
2414 252 2492 309 (Π,
2522 253 2565 304 8.
2585 228 2642 311 5)
2662 226 2781 302 m
2889 219 2909 241 ἐν
