2915 3642
437 253 867 355 *uu-consonantes
911 291 1024 336 Triu.
1055 293 1140 336 352
1168 293 1246 350 (ΙΙ,
1278 294 1318 344 2,
1352 293 1424 347 71)
1454 291 1749 348 (ΡΟΤΕΡΑΤΙ
1780 293 1831 338 A
1869 294 1999 346 pote's
2034 292 2137 346 pati'
2168 293 2308 347 cett.);
2333 291 2476 337 Poen.
2505 293 2593 337 286
2621 292 2678 350 (1.,
2707 293 2751 344 2,
2797 247 2915 368 ἐ

262 415 277 425 ,Β
336 363 652 436 (ΡΟΤΙὸΕὲᾞ
685 367 738 420 A,
768 368 933 436 ‘potest'
969 368 1084 418 cett,
1129 366 1201 410 sed
1239 369 1360 421 ‘pote'
1398 368 1493 410 ante
1539 369 1762 421 quaestus’
1809 366 2047 409 testimonio
2083 366 2374 411 confirmatum
2415 366 2526 410 claro
2569 365 2752 412 Ghtusii
2806 371 2809 373 ’

172 494 182 513 ι,
249 428 355 520 '5¹³
358 446 475 502 223,
501 449 596 505 21);
654 448 781 491 Most
812 449 896 491 256
926 449 1041 503 (1,3,
1064 448 1293 503 99)(p0te
1321 449 1400 498 Ba,
1424 450 1546 502 pote
1568 448 1652 498 Bb,
1674 449 1837 501 potest
1864 447 1993 500 reu.);
2057 447 2168 489 Pers.
2190 447 2320 503 30(1,
2343 448 2382 499 1,
2404 449 2751 505 ampotepfi·

241 516 404 585 ΒΟΙ),
434 525 565 579 ‘potes
594 522 697 578 pati'
726 522 798 565 ΡΖ
819 546 873 553 -
894 521 1005 564 idem
1027 521 1141 576 ‘pati'
1163 521 1351 575 sequitur
1369 521 1480 563 Trin.
1509 521 1599 563 loco
1625 521 1748 563 modo
1780 520 1981 575 lauda-to).
2003 545 2060 552 —
2087 520 2298 580 Nusqm
2328 522 2457 582 ‘pote’
2489 535 2568 583 pro
2604 517 2750 583 ,Μ’

268 601 410 649 for-⁸
437 598 666 647 invenitur
693 601 797 644 ante
826 596 1006 643 verbum
1035 595 1171 642 subst.
1198 596 1268 651 (cf.
1290 599 1472 640 ceterum
1503 597 1624 639 Poen.
1653 610 1689 638 v.
1712 597 1796 638 875
1827 596 1918 650 (IV,
1941 597 1980 646 2,
2005 596 2077 650 53)
2107 609 2174 652 pg
2206 599 2232 638 9
2263 597 2599 654 excitatum).—

476 673 558 717 His
591 672 723 730 igitur
756 671 861 714 locis
891 670 1079 714 collectis
1108 670 1415 724 intellectisque
1454 670 1699 721 necessario,
1732 673 1779 712 ut
1812 670 2027 712 verborum
2069 670 2319 714 traditorum
2356 672 2611 716 mutationes
2640 674 2750 718 eius·

269 748 398 801 modi,
430 747 558 809 ‘pote’
592 751 640 794 ut
669 751 747 793 ant
775 747 822 792 in
852 745 1052 792 versibus
1082 745 1292 792 extremis
1321 748 1398 791 aut
1427 748 1529 791 ante
1559 746 1731 791 vocales
1762 745 1937 788 exsistat
1966 745 2036 799 (cf.
2069 758 2191 789 usum
2222 747 2544 804 Terentianum),
2576 761 2602 792 a
2631 749 2750 794 nobis

271 824 436 882 probari
465 836 543 867 non
571 823 745 878 possint,
776 821 970 865 efficitur.

478 899 570 943 Hoc
605 911 654 942 ne
690 896 844 941 frustra
888 909 961 939 nos
996 908 1158 939 monere
1202 896 1432 950 putaveris,
1479 895 1672 949 inspicias
1709 909 1768 938 ex.
1809 909 1869 950 gr.
1909 895 2122 949 (editionis
2152 896 2459 941 Ritschelianae
2494 898 2751 955 recentioris)

272 976 348 1019 hos
377 976 509 1019 locos:
594 959 600 964 ’

478 1049 520 1103 a)
550 1047 669 1102 Epid.
692 1048 775 1090 227
796 1046 872 1102 (ΙΙ,
894 1047 934 1096 2,
959 1046 1052 1101 43):
1084 1047 1162 1095 „At
1191 1046 1362 1087 tributus
1392 1059 1503 1099 quom
1532 1046 1733 1099 inperata-s·
1763 1050 1835 1096 est,
1867 1050 2009 1099 negant
2032 1046 2156 1100 pendi
2176 1048 2321 1100 potis“‚
2352 1047 2424 1090 ubi
2445 1047 2752 1106 Kampmmm‘)

273 1125 394 1178 ‘pote'
431 1135 504 1179 pro
541 1120 701 1188 Poris
737 1121 959 1176 (scriptura
994 1120 1225 1164 rectissime
1261 1134 1303 1163 se
1339 1121 1515 1163 habente
1549 1120 1809 1175 palimpsesti
1840 1121 1890 1171 A,
1925 1145 1976 1150 —
2010 1122 2199 1174 ‘potesse'
2231 1122 2301 1165 BJ
2315 1121 2401 1177 FZ)
2437 1123 2562 1165 scribi
2592 1123 2752 1174 voluit3

478 1204 600 1245 Truc.
623 1204 705 1245 317
727 1203 802 1256 (ΙΙ,
825 1204 864 1252 2,
887 1202 979 1256 62);
1011 1203 1184 1251 „Verum
1204 1215 1271 1255 eyo
1303 1203 1422 1252 illum,
1453 1214 1685 1255 quamquam
1714 1201 1930 1250 violentust,
1961 1214 2073 1255 spero
2104 1202 2294 1244 inmutari
2317 1206 2408 1256 pote
2428 1203 2751 1254 Blandbnentis‘ss

273 1278 354 1333 quo
388 1278 480 1321 loco
519 1277 617 1320 libri
653 1276 749 1319 cum
793 1277 831 1319 A
868 1276 1062 1331 praebent
1106 1279 1268 1331 ‘potest‘
1306 1277 1565 1320 intolerabile
1602 1290 1709 1327 sane,
1748 1275 1943 1331 quicquid
1978 1277 2208 1332 Bocksch⁷)
2240 1280 2380 1322 contra
2411 1278 2622 1335 disputat;
2653 1292 2750 1324 cum

272 1354 416 1398 eodem
444 1353 733 1408 Kampmanno
743 1352 775 1408 ⁸)
807 1353 863 1408 (v.
895 1352 1013 1406 Epid.
1046 1353 1073 1394 1.
1106 1353 1153 1407 l.)
1186 1355 1307 1406 ‘pote'
1340 1351 1600 1395 scribendum
1638 1355 1823 1394 censente
1861 1356 2022 1406 praeter
2066 1353 2377 1396 Fleckeisenum
2407 1353 2751 1411 Spengeliumque

273 1429 340 1472 Fr.
380 1428 546 1473 Schoell
583 1428 759 1470 formam
796 1427 921 1470 istam
959 1427 999 1469 in
1043 1427 1121 1471 fine
1158 1441 1299 1470 versus
1341 1427 1498 1477 intulit,
1533 1452 1582 1457 —
1622 1426 1731 1468 idem
1770 1428 1822 1469 ab
1853 1428 1996 1469 eodem
2029 1427 2114 1469 viro
2151 1427 2395 1470 doctissimo
2425 1429 2583 1471 factum
2612 1431 2678 1472 est
2706 1429 2750 1472 in

272 1502 381 1546 Rud.
412 1517 450 1546 v.
483 1504 565 1546 968
597 1503 688 1558 (IV,
721 1505 760 1553 3,
793 1502 869 1557 29)
903 1527 953 1532 ——
986 1502 1104 1545 cuius
1143 1502 1184 1544 in
1220 1501 1359 1544 locum
1395 1500 1540 1543 debere
1579 1501 1714 1554 ·potis'
1753 1501 1968 1544 succedere
2002 1502 2105 1550 iam,
2151 1502 2231 1543 nisi
2267 1502 2401 1554 fallor,
2438 1506 2626 1557 apparet3
2675 1517 2749 1559 pro

274 1579 411 1635 ‘potis’
442 1580 527 1621 iam
564 1591 588 1621 a
624 1578 777 1621 Bothio
809 1577 962 1631 scripto
1000 1577 1040 1619 in
1072 1576 1169 1620 Aul.
1205 1590 1238 1617 v.
1271 1578 1353 1617 309
1384 1576 1459 1629 (ΙΙ,
1491 1576 1530 1619 4.
1562 1579 1634 1629 30)
1667 1578 1787 1629 pote*
1820 1576 2222 1629 Kampmannianum
2265 1578 2416 1631 recepit
2453 1577 2582 1621 Goetz
2610 1577 2748 1632 (codd.

273 1653 466 1696 exhibent
487 1654 682 1707 ‘potest').
730 1652 793 1694 Ne
817 1652 939 1694 verba
967 1652 1043 1694 hac
1065 1652 1114 1694 de
1142 1664 1183 1692 re
1215 1650 1395 1703 simplici
1428 1650 1629 1690 faciamus
1661 1650 1778 1702 plura
1810 1637 1932 1702 quam
1967 1653 2030 1691 sat
2062 1653 2137 1699 est,
2170 1654 2377 1703 praeterea
2406 1664 2750 1695 commemorasse

273 1726 560 1770 tantummodo
591 1725 874 1768 annotationes
904 1725 1209 1767 Ritschelianas
1239 1725 1290 1766 ad
1322 1724 1413 1766 Mil.
1436 1724 1539 1778 glor.
1573 1739 1608 1766 r.
1635 1726 1718 1766 550
1740 1725 1814 1777 (ll,
1839 1726 1877 1766 (ἱ.
1903 1726 1973 1773 70)
2009 1750 2057 1754 -
2091 1724 2221 1778 ipsius
2252 1724 2291 1767 in
2322 1724 2500 1768 editione
2526 1724 2750 1770 Ritschelii

273 1816 311 1845 v.
343 1802 423 1845 551
457 1826 511 1832 —
544 1802 586 1843 et
615 1800 723 1843 Men.
755 1801 838 1842 625
868 1801 959 1854 (IV,
992 1802 1031 1850 2,
1063 1801 1135 1854 41)
1167 1800 1361 1843 sufficiat.

479 1887 523 1941 b)
568 1886 680 1929 Trin.
712 1886 796 1928 920
829 1886 920 1939 (IV,
959 1887 998 1935 2,
1033 1887 1117 1939 75),
1163 1898 1242 1939 quo
1288 1887 1378 1927 loco
1425 1886 1559 1938 Bergk
1607 1888 1646 1926 et
1684 1887 1728 1925 (J.
1762 1885 1804 1925 F.
1839 1885 1887 1925 Gr.
1921 1885 2096 1925 Mueller
2141 1886 2209 1937 (cs.
2247 1897 2384 1938 appar.
2422 1885 2534 1940 crit.)
2571 1897 2613 1927 re
2655 1897 2750 1928 vera

273 1962 562 2019 cogitaverunt
591 1959 641 2004 de
672 1960 884 2003 scribendo
918 1962 1025 2013 ‘pote
1055 1960 1192 2009 istos'3

479 2036 601 2079 Truc.
633 2036 716 2078 929
747 2036 815 2089 (V,
848 2036 939 2089 37):
988 2037 1120 2085 „Auro
1150 2037 1229 2079 Ιιαιι
1247 2037 1366 2086 ferro
1398 2036 1593 2076 deterreri
1614 2039 1724 2087 pote,
1761 2037 1877 2075 istum
1915 2049 1960 2075 ne
1991 2049 2125 2082 amem,
2157 2035 2486 2086 Stratophanes“,

273 2111 333 2154 sic
362 2110 518 2167 legitur
547 2109 588 2151 in
619 2109 797 2152 editione
827 2110 1087 2153 Schoelliana
1132 2110 1199 2152 hic
1232 2124 1382 2159 versus,
1421 2110 1538 2150 euius
1576 2109 1713 2150 media
1745 2110 1867 2150 verba
1900 2108 2054 2149 tradita
2090 2109 2396 2161 perturbatione
2427 2108 2608 2162 quadam
2639 2107 2750 2151 haud

273 2186 425 2228 carent.
485 2183 655 2227 Codices
686 2182 794 2225 enim
825 2183 924 2226 haec
956 2182 1149 2226 exhibent
1178 2183 1348 2225 minime
1379 2196 1495 2225 sana:

836 2269 1037 2313 deterrere
1066 2270 1184 2312 CDL
1214 2271 1292 2323 (Ζ),
1654 2269 1834 2310 deterere
1866 2270 1914 2318 B,

835 2346 973 2397 potest
1004 2344 1145 2393 BCD,
1657 2345 1772 2396 potes
1805 2343 1836 2383 L
1866 2343 1942 2395 (Z),

832 2418 939 2461 nea&
970 2418 1017 2467 B,
1655 2429 1771 2459 neam
1802 2419 1842 2459 et
1872 2416 1961 2459 CD.
1994 2430 2040 2458 ne
2070 2419 2183 2458 amet
2213 2417 2245 2458 L
2277 2417 2362 2471 (Z);

273 2517 354 2559 quo
384 2504 474 2547 loco
515 2502 594 2546 viri
631 2502 744 2546 docti
781 2504 1040 2546 coniecerunt
1076 2504 1150 2564 alii
1180 2504 1277 2546 alia.
1311 2530 1363 2534 —
1396 2504 1512 2546 ·Pote
1548 2504 1690 2545 istum'
1723 2504 1828 2544 illud
1859 2507 1966 2545 certe
1997 2503 2038 2544 in
2069 2503 2266 2545 exsilium
2296 2503 2540 2545 eiciendum.
2602 2504 2750 2558 Itaque

272 2576 573 2633 temptandum,
605 2590 703 2619 num
734 2577 850 2620 nobis
881 2578 1053 2621 fortasse
1085 2578 1159 2620 illa
1180 2591 1227 2620 ex
1258 2578 1428 2627 ratione,
1461 2591 1585 2631 quam
1616 2578 1931 2625 enucleavimus,
1963 2578 2101 2618 locum
2133 2590 2276 2618 sanare
2308 2578 2533 2633 contingat.
2594 2578 2749 2622 Tenen·

273 2651 374 2695 dum
404 2651 535 2707 igitur
564 2652 657 2694 ante
689 2651 825 2694 omnia
856 2651 1020 2694 videtur
1047 2651 1270 2693 memoriae
1301 2652 1510 2705 proditum
1541 2665 1628 2693 esse
1659 2655 1702 2693 et
1736 2652 1984 2692 »deterrere«
2010 2653 2053 2691 et
2076 2653 2262 2703 ›potest‹
2298 2654 2341 2692 et
2376 2663 2448 2692 »ne
2469 2654 2623 2702 amet«,
2644 2663 2751 2706 quae

273 2726 397 2769 verba
426 2737 505 2768 non
534 2724 674 2768 refem·
709 2724 762 2768 ad
799 2725 1037 2768 Strabacem
1072 2737 1150 2767 non
1188 2727 1372 2779 possunt.
1434 2726 1626 2767 Perverse
1672 2726 1748 2767 hoc
1780 2725 1839 2766 sic
1870 2724 2111 2766 institutum
2142 2738 2231 2766 esse
2262 2738 2333 2778 per
2364 2738 2407 2767 se
2437 2737 2555 2767 nemo
2585 2725 2749 2776 dixerit,

279 2824 327 2829 —
360 2811 612 2854 quamquam
647 2799 778 2853 primo
815 2799 965 2842 obtutu
1000 2799 1077 2842 hoc
1116 2798 1207 2841 loeo
1246 2799 1517 2842 Phronesium
1555 2798 1604 2842 de
1641 2813 1682 2842 se
1723 2799 1810 2852 ipsa
1848 2799 2083 2851 loquentem
2120 2799 2231 2840 claro
2262 2813 2356 2840 cum
2388 2799 2545 2842 editore
2575 2800 2752 2843 sortasse

273 2873 502 2916 lubentiore
532 2873 669 2915 animo
698 2873 854 2915 feceris.
916 2873 1113 2915 Attamen
1144 2873 1227 2916 iam
1263 2872 1512 2916 »deterrere«
1548 2886 1625 2915 non
1657 2874 1781 2916 habet
1810 2874 2032 2920 obiectum,
2065 2874 2172 2927 quod
2204 2888 2252 2916 ex
2282 2875 2558 2927 praeceptoris
2588 2888 2752 2930 quoque

274 2947 479 2989 carissimi
515 2947 718 2989 sententia
754 2948 809 3001 (v.
855 2960 992 3002 appar.
1033 2947 1144 3001 crit.)
1190 2947 1332 2990 abesse
1381 2946 1535 3001 nequit,
1571 2971 1623 2977 —
1656 2947 1706 2989 cf.
1739 2960 1797 2989 ex.
1829 2961 1889 3003 gr.
1913 2949 2074 3003 Amph.
2107 2962 2144 2991 v.
2178 2949 2261 2991 560
2291 2949 2366 3003 (ll,
2400 2950 2438 2999 1,
2472 2949 2558 3005 10),
2590 2951 2753 3005 (nempe

271 3033 390 3063 nemo
426 3021 494 3064 hic
539 3021 838 3077 intellegendus
883 3022 961 3064 nisi
998 3022 1171 3065 Strabax
1214 3022 1316 3075 ille).-
1378 3021 1486 3074 Quid
1517 3022 1658 3076 igitur,
1704 3025 1751 3063 ut
1781 3035 1865 3064 rem
1898 3023 2040 3076 paucis
2071 3023 2301 3077 designem,
2339 3023 2374 3065 si
2406 3023 2500 3085 quis
2537 3037 2586 3066 ex
2616 3024 2753 3067 verbis

479 3170 524 3212 ⁶)
555 3170 654 3206 Cous.
680 3171 731 3205 Ἤ.
755 3171 829 3205 mil.
854 3170 982 3206 Plaut:
1006 3170 1168 3216 (Vratisl.
1194 3172 1299 3215 1839)
1326 3182 1384 3216 pg.
1408 3171 1463 3207 ⁴20.
1520 3169 1560 3215 5)
1586 3169 1647 3205 ‘De
1672 3181 1740 3206 cas.
1765 3172 1849 3206 attr.
1875 3181 1929 3215 ap.
1955 3170 2006 3206 ΡΙ.
2032 3172 2068 3205 et
2093 3170 2180 3206 Ter.'
2207 3170 2371 3215 (Vratisl.
2397 3171 2504 3216 1865)
2547 3182 2606 3217 pg.
2630 3173 2676 3208 35
2699 3183 2753 3216 sq.

149 3288 159 3296 ν
222 3285 227 3289 ,
274 3230 319 3276 8)
345 3232 418 3273 ..De
442 3233 498 3269 Ab
523 3245 681 3279 praepos.
706 3245 740 3269 u.
766 3234 839 3269 Pl.“
867 3235 1028 3280 (Vratisl.
1054 3235 1159 3279 1842)
1187 3246 1243 3279 pg.
1271 3235 1324 3271 11.
