2915 3642
380 326 540 388 Quae
583 332 664 377 de
679 332 813 375 altera
844 331 982 387 potis'
1023 332 1221 375 adiectivi
1256 332 1390 376 forma
1420 333 1541 388 ‘pote'
1575 343 1670 375 cum
1712 331 1836 375 xerbo
1883 329 2015 373 subst.
2060 329 2280 374 coniuncta
2308 329 2357 385 (ἱ)
2398 329 2494 372 sunt
2537 325 2739 381 dicenda?

153 392 154 397 ¹
196 406 382 463 ¹praeter
409 421 470 458 08,
501 419 606 461 quae
635 406 722 448 iam
758 417 884 460 supra
926 404 1089 459 prolata
1119 409 1233 458 sunt,
1276 406 1541 461 paucissimis
1571 401 1744 461 possunt
1774 403 1949 455 absolvi,
1980 401 2099 447 cuius
2129 404 2188 447 rei
2218 416 2347 447 unum
2382 404 2546 446 tantum
2576 401 2713 462 exstet

218 482 454 538 exemplum
487 481 529 523 in
559 481 727 523 Phorm.
758 493 796 522 v.
830 481 913 522 535
944 479 1051 531 (ΙΙΙ,
1086 483 1126 529 3,
1159 483 1222 534 2):

1049 558 1140 606 „hic
1168 559 1205 599 si
1232 561 1324 611 pote
1342 559 1495 609 fuisset
1526 559 1761 599 exorarier-‘⁴

221 633 356 676 Mirus
386 632 556 686 quidam
586 631 821 674 mehercule
851 631 986 672 locus!
1048 631 1284 673 Dissolutas
1320 632 1474 674 formas
1511 634 1673 685 praeter
1713 632 1837 684 potis
1876 632 1987 684 es(t)'
2035 629 2104 683 (cf.
2137 628 2266 671 etiam
2296 642 2418 671 usum
2447 627 2712 683 Plautinum)

222 707 328 751 alias
371 705 468 748 aliis
513 705 618 748 locis
654 717 783 758 neque
819 703 1049 746 invenimus
1080 704 1292 745 codicibus
1338 704 1515 747 traditas
1546 717 1676 757 neque
1707 704 1757 746 de
1797 703 2033 746 coniectura
2063 703 2207 745 illatas
2237 703 2514 757 probavimus.
2575 701 2713 755 Quid?

223 781 355 835 Atqm
396 780 528 823 forma
566 781 676 834 ‘pote
720 779 881 822 fuisset'
920 779 996 821 hoc
1026 780 1118 822 loco
1165 778 1320 832 optime
1355 778 1560 833 [AG(D)]
1595 778 1821 821 memoriae
1867 778 2033 833 prodita
2077 790 2155 820 non
2188 777 2364 827 videtur,
2400 777 2472 821 sed
2501 779 2583 828 est;
2613 788 2714 820 num

222 855 352 900 etiam
383 857 497 898 recta
531 854 694 909 fideque
735 853 887 910 digna?
935 879 972 885 ›—
1004 854 1148 907 Neque
1184 854 1295 907 apud
1325 854 1524 896 Plautum
1560 867 1690 907 neque
1728 853 1838 908 apud
1868 853 2109 898 Terentium
2148 854 2239 906 (aut
2268 865 2445 906 usquam
2474 851 2596 901 alibi,
2633 849 2714 893 nisi

222 930 386 987 egregie
414 929 569 981 fallor,)
601 928 700 971 talis
730 929 862 971 forma
890 927 1073 972 traditur
1101 927 1307 971 dissoluta
1337 927 1768 980 (dissolutaeformae
1799 930 1960 972 ceterae
1989 928 2086 972 sunt
2114 926 2341 981 praesentis
2372 925 2555 982 omnes);
2584 937 2714 980 neque

224 1003 335 1059 apud
363 1003 563 1046 Pla-utum
605 1014 733 1056 neque
763 1001 872 1055 apud
902 1001 1142 1044 Terentium
1186 1001 1282 1058 (aut
1320 1015 1495 1056 usquam
1526 1003 1642 1052 alibi,
1688 1003 1769 1044 nisi
1800 1002 1963 1058 egregie
1993 1001 2148 1052 sallon)
2181 1002 2302 1055 ‘pote'
2333 1002 2466 1043 forma
2494 1000 2715 1043 debilitata

224 1078 332 1122 alias
363 1090 458 1121 cum
488 1077 612 1121 verbo
642 1077 774 1120 subst.
829 1101 861 1106 -—
891 1089 938 1119 ex
968 1076 1119 1130 quibus
1148 1077 1305 1120 voculis
1336 1077 1490 1129 formae
1523 1079 1717 1131 ‘possum'
1751 1079 1849 1120 cett.
1881 1077 2030 1125 (forma
2061 1088 2155 1118 vero
2188 1076 2430 1129 ‘primaria')
2461 1075 2714 1129 compositae

226 1177 281 1184 -
333 1151 514 1195 traditur
558 1150 798 1200 coniuncta:
845 1163 973 1204 neque
1017 1151 1191 1194 metrica
1236 1165 1365 1206 neque
1410 1152 1494 1195 alia
1535 1152 1693 1195 ratione
1732 1151 1839 1195 ratio
1876 1151 2000 1194 huius
2037 1150 2280 1204 praesertim
2324 1151 2402 1193 hoc
2439 1150 2531 1192 loco
2560 1150 2715 1192 formae

225 1225 483 1271 adhibendae
513 1238 585 1281 pro
617 1225 846 1280 ‘potuisset'
878 1226 1016 1280 potest
1045 1225 1255 1282 cognosci:
1286 1224 1388 1270 adeo
1420 1225 1643 1282 singularis
1674 1227 1811 1271 exstat
1840 1228 1908 1271 hic
1938 1226 2056 1270 locus
2086 1226 2268 1269 Terentii
2301 1226 2421 1268 nimii
2450 1225 2533 1269 fere
2564 1225 2716 1268 Plauto

190 1352 194 1355 v
226 1293 415 1358 respecto
443 1301 803 1344 distrahendarum
833 1301 874 1342 in
904 1313 1003 1344 cura
1032 1301 1270 1351 formarum,
1305 1302 1352 1345 ut
1382 1301 1486 1345 hanc
1516 1301 1693 1345 formam
1724 1302 1907 1346 indicare
1936 1301 2042 1344 nihil
2064 1300 2253 1344 dubitem
2280 1300 2569 1350 adulterinam,
2598 1299 2716 1342 cuius

228 1379 320 1419 loco
351 1377 477 1418 velim
510 1376 740 1430 ‘potuisset
777 1375 1003 1417 inductam.

435 1450 645 1503 Exemplis
689 1449 824 1491 adhuc
869 1449 1051 1490 laudatis
1083 1449 1197 1490 aliud
1228 1450 1437 1492 artissime
1468 1463 1563 1493 cum
1594 1451 1646 1493 iis
1682 1452 1918 1501 cohaerens,
1965 1463 2065 1504 qu0,
2112 1462 2364 1505 quamquam
2395 1450 2599 1504 scriptura
2628 1427 2718 1504 ipsa

229 1525 344 1567 verbi
388 1524 573 1567 membra
606 1524 682 1565 illa
712 1523 797 1564 iam
827 1523 869 1563 in
900 1536 1023 1563 unam
1056 1535 1196 1565 vocem
1234 1524 1400 1567 exhibet
1435 1525 1671 1574 coniuncta,
1716 1529 1854 1568 tamen
1892 1525 2016 1568 huius
2048 1525 2162 1568 verbi
2192 1524 2306 1568 dem
2308 1524 2490 1569 ationem
2519 1516 2737 1568 facillime*

229 1611 471 1654 cognoscas,
515 1597 812 1640 annectendum
843 1598 1028 1638 videtur:
1076 1598 1169 1638 dico
1205 1599 1380 1639 somnam
1413 1601 1601 1651 ‘potesse'
1634 1600 1674 1641 in
1707 1601 1814 1641 Eun.>
1839 1613 1876 1640 v.
1909 1601 1992 1642 666
2024 1600 2116 1651 (IV,
2149 1602 2188 1650 3,
2220 1600 2307 1653 24),
2337 1598 2411 1641 ubi
2441 1598 2530 1641 cod.
2562 1598 2613 1649 A,
2646 1597 2718 1652 qui

229 1672 399 1726 praebet
429 1673 589 1725 ‘posse’,
622 1674 764 1713 contra
808 1671 1061 1724 reliquorum
1107 1658 1402 1714 auctoritatem
1446 1676 1488 1714 et-
1531 1673 1733 1715 Prisciani
1778 1674 2066 1718 testimonium
2110 1674 2172 1727 (II
2202 1685 2270 1729 pg.
2307 1674 2406 1726 507)
2443 1672 2547 1716 nihil
2582 1672 2718 1716 valere

229 1744 497 1790 manifestum
526 1748 602 1788 est.
664 1745 798 1798 Quam
828 1747 1002 1788 formam
1034 1747 1202 1789 minime
1234 1747 1273 1789 in
1306 1750 1413 1801 ·pote
1445 1751 1544 1790 esse'
1576 1748 1800 1790 dissolvere
1830 1749 1953 1791 licere
1983 1752 2031 1791 ut
2061 1761 2225 1808 prorsus
2257 1747 2488 1791 inauditam
2517 1747 2717 1790 rationem
2739 1743 2749 1752 ⁸

231 1820 395 1864 dicendi
441 1820 545 1862 satis
590 1820 772 1861 dilucide
818 1825 987 1873 apparet
1032 1835 1078 1861 ex
1124 1821 1193 1862 iis.
1241 1836 1344 1874 quae
1384 1822 1467 1863 iam
1499 1830 1553 1866 (v.
1586 1823 1715 1863 etiam
1752 1835 1873 1864 usum
1905 1824 2065 1866 Plauti
2103 1823 2317 1875 disputata
2356 1824 2452 1864 sunt
2480 1822 2663 1876 locisque
2694 1835 2719 1864 a

231 1894 368 1936 Neuio
395 1894 423 1935 l.
454 1894 482 1934 l.
505 1896 606 1935 tom.
629 1894 673 1935 11
693 1906 760 1948 pg.
783 1895 863 1935 601
897 1896 939 1935 et
965 1907 987 1935 a
1018 1894 1235 1936 Kuehnero
1269 1895 1294 1935 l.
1320 1895 1345 1935 l.
1379 1898 1479 1937 tom.
1513 1896 1530 1937 Ι
1564 1908 1630 1950 pg.
1665 1897 1742 1938 521
1779 1895 1972 1939 laudatis.
2034 1898 2225 1939 <etenim
2259 1896 2439 1951 ‘petisse’
2472 1897 2719 1958 scripturam

232 1969 533 2014 restituendam
565 1983 653 2011 esse
685 1969 768 2011 iam
800 1969 992 2010 diximus.

1032 2118 1078 2168 b)
1129 2116 1404 2170 ‘Potis(—e)’
1437 2115 1571 2162 verbo
1603 2119 1726 2163 ‘esse’
1759 2118 1927 2164 omisso.

444 2225 653 2277 Perpauca
666 2225 698 2270 ⁵)
743 2226 905 2266 exstant
949 2225 1070 2267 huius
1116 2225 1274 2278 ellipsis
1321 2227 1504 2280 exempla
1550 2227 1590 2269 in
1621 2227 1801 2269 Terentii
1848 2227 2095 2277 comoediis;
2140 2227 2319 2281 primum
2363 2228 2484 2270 velim
2527 2228 2720 2282 inspicias

237 2297 413 2351 Adelph.
447 2311 588 2340 versus
619 2300 701 2339 539
734 2299 826 2350 (IV.
864 2301 899 2340 1.
932 2302 1005 2344 23)
1038 2300 1177 2339 verba:
1212 2300 1347 2339 *Potin
1381 2303 1424 2340 ut
1458 2301 1660 2342 desinas?⁸
1723 2302 1853 2354 Quem
1887 2302 2021 2343 locum
2058 2302 2296 2344 huiusmodi
2328 2302 2463 2344 solum
2493 2304 2722 2347 exstantem

444 2422 484 2467 3)
511 2422 643 2459 Eadem
668 2424 802 2458 ratione
827 2423 888 2458 inf.
913 2424 1100 2459 ‘extulisse'
1126 2425 1161 2458 in
1186 2424 1269 2459 Hec.
1296 2436 1329 2458 v.
1354 2426 1422 2462 563
1449 2426 1524 2469 (IV,
1551 2429 1581 2465 1,
1607 2428 1668 2471 48)
1694 2427 1936 2471 explicandum
1969 2438 2044 2461 esse
2068 2438 2200 2462 censeo.
2249 2428 2361 2468 Quam
2386 2438 2488 2471 saepe
2512 2427 2662 2472 denique
2685 2429 2722 2462 in

236 2476 430 2521 enuntiatis
454 2485 587 2521 condic,
612 2486 729 2520 irreal.
754 2485 967 2521 coniunctivi
993 2486 1090 2530 impf.
1116 2491 1150 2520 et
1177 2486 1305 2531 plusqf.
1333 2487 1426 2521 inter
1463 2499 1499 2523 se
1524 2488 1659 2524 confusi
1685 2488 1866 2524 videntur!
1914 2489 1958 2533 4)
1996 2488 2096 2531 Quod
2126 2489 2171 2523 ad
2202 2488 2506 2533 interpretandum
2536 2490 2722 2533 ‘potuerat’

237 2549 380 2588 attinet,
413 2548 567 2583 Bentleii
603 2549 835 2589 sententiam,
871 2549 931 2591 qui
967 2549 1070 2592 ‘potis
1110 2550 1196 2582 erat‘
1231 2559 1331 2581 suum
1366 2552 1405 2582 ut
1437 2550 1718 2595 impersonaliter
1751 2553 1958 2596 usurpatum
1995 2551 2161 2597 explicat,
2192 2550 2248 2586 vix
2280 2549 2497 2586 retinendam
2527 2561 2602 2586 esse
2625 2554 2721 2598 puto,

238 2611 406 2657 qnoniam
436 2611 570 2656 optime
600 2622 639 2647 ex
672 2612 891 2648 antecedenti
923 2613 1055 2646 ‘scibat‘
1086 2613 1147 2647 inf.
1174 2614 1282 2647 ‘scire‘
1313 2613 1356 2646 ad
1393 2615 1579 2657 ‘potuerat'
1616 2616 1730 2647 mente
1754 2614 1835 2647 addi
1862 2625 1962 2658 posse
2001 2616 2036 2648 in
2060 2604 2183 2660 aperto
2208 2616 2274 2648 est.
2320 2613 2469 2648 Prorsus
2492 2614 2581 2649 falsa
2604 2617 2723 2650 autem

238 2672 409 2720 philologi
434 2673 531 2708 illius
557 2674 775 2710 celeberrimi
800 2677 854 2710 cst
878 2675 996 2720 opinio
1021 2676 1055 2709 in
1081 2678 1199 2710 annot.
1225 2675 1268 2709 ad
1295 2676 1329 2710 h.
1356 2676 1377 2709 l.
1403 2676 1606 2721 pergentis:
1642 2678 1756 2717 „Fotis
1780 2680 1855 2712 erat
1880 2679 2005 2711 neutro
2029 2687 2165 2722 genere,
2190 2679 2230 2710 ut
2255 2686 2402 2720 semper,
2427 2677 2564 2721 accipe:
2609 2687 2723 2722 neque

240 2735 401 2774 Poeticae
423 2740 498 2773 erat
522 2748 599 2773 eam
625 2738 712 2772 scire
737 2748 799 2782 per
821 2739 1014 2775 aetaten1⁴⁴3
1041 2749 1119 2772 narn
1145 2737 1233 2772 illud
1259 2739 1310 2772 ‘ut
1334 2739 1481 2782 semper'
1514 2740 1657 2774 minime
1691 2744 1782 2775 reete
1807 2752 1843 2775 se
1876 2740 2004 2775 habere
2028 2742 2175 2784 apparet
2199 2751 2238 2774 ex
2263 2738 2414 2783 Adelph.
2439 2751 2471 2773 v.
2495 2742 2565 2776 344
2589 2740 2667 2785 (ΙΙΙ,
2690 2741 2722 2782 2,

240 2802 315 2846 46),
339 2801 443 2847 [Eun.
469 2803 534 2838 101
562 2802 604 2844 (Ι,
628 2803 660 2841 2,
684 2803 760 2846 21),
785 2802 912 2836 Heaut.
936 2803 1004 2838 659
1031 2802 1107 2847 (lv,
1134 2803 1163 2839 1.
1189 2802 1282 2847 46)]:
1309 2803 1489 2846 praeterea
1513 2813 1581 2837 non
1606 2803 1794 2849 neglegere
1820 2803 1969 2838 debebat
1987 2803 2178 2838 Britannus
2204 2801 2430 2837 doctissimus
2455 2803 2603 2838 formam
2628 2805 2722 2849 'pote

240 2864 392 2907 fui-see,
415 2876 504 2910 quae
529 2864 603 2899 sine
628 2864 735 2900 dubio
760 2866 991 2910 personaliter
1019 2868 1133 2900 exstat
1158 2868 1339 2911 usurpata,
1364 2866 1400 2899 in
1417 2865 1557 2901 Phorm.
1577 2878 1608 2900 v.
1623 2869 1690 2904 535
1705 2867 1791 2912 (ΙΙΙ,
1806 2869 1839 2909 3,
1855 2868 1893 2911 2)
1916 2866 2096 2908 traditam,
2121 2866 2164 2900 de
2190 2876 2260 2910 qua
2284 2876 2366 2900 sane
2391 2867 2513 2901 statim
2538 2866 2724 2903 dicendum
2744 2893 2750 2895 -

241 2928 324 2966 erit.
362 2928 513 2973 Spengel
530 2938 669 2972 quoque
684 2929 793 2963 simili
809 2939 926 2962 errore
943 2930 1067 2972 captus
1092 2929 1243 2969 videtur,
1268 2929 1328 2973 qui
1353 2929 1388 2961 in
1414 2931 1531 2962 annot.
1549 2929 1593 2963 ad
1611 2930 1768 2964 Andr.v.
1785 2931 1852 2967 327
1870 2929 1953 2974 (111,
1970 2931 2000 2969 1,
2025 2930 2086 2974 27)
2104 2928 2252 2964 formam
2277 2930 2416 2973 ‘potest'
2439 2929 2485 2963 ad
2508 2929 2724 2975 probandam

220 2995 535 3042 ‚nignifientionem
558 2990 638 3032 τοῦ
664 2990 858 3034 δυνατὸν
887 2986 1011 3038 εἶναι,
1043 3010 1110 3032 non
1142 2991 1220 3033 τοῦ
1246 2991 1478 3034 δυιασθαι
1506 2999 1541 3030 in
1567 3000 1659 3041 ‘pote
1693 2998 1758 3030 ew
1791 2998 1963 3032 lissolvat
1987 2998 2053 3032 fal.
2048 3009 2123 3031 ·.am
2179 2997 2217 3040 ὅ)
2258 2996 2300 3031 ef.
2325 2996 2430 3031 etiam
2462 2998 2629 3043 Engolbr.
2653 2997 2725 3032 1.1.
2758 3011 2762 3013 -
2822 2978 2826 2982 ⁴

242 3073 302 3109 pg.
326 3063 384 3101 29.
431 3062 557 3108 ltaque
583 3064 897 3111 mefenbachium
924 3077 991 3099 non
1019 3069 1109 3100 recte
1134 3065 1175 3100 ‹le
1200 3067 1398 3100 coniectura
1424 3066 1562 3098 demum
1588 3066 1621 3099 i1
1650 3067 1721 3099 Hee
1757 3077 1788 3098 v.
1814 3068 1882 3102 479
1909 3066 2143 3109 (111‚5,29)‚
2176 3076 2275 3108 quo
2269 3065 2311 3100 le
2336 3065 2411 3099 loco
2436 3067 2593 3100 conteras
2616 3067 2735 3123 etiam
