2915 3642
1022 637 1867 734 PRAEFATIO.

405 990 701 1035 Grammaticis
740 992 783 1033 et
822 990 981 1033 criticis
1012 990 1053 1033 in
1084 990 1206 1034 rebus
1238 992 1397 1033 exstare
1427 990 1537 1033 haud
1570 1004 1713 1046 pauca,
1761 1005 1866 1046 quae
1908 992 2078 1036 minime
2123 994 2370 1051 singillatim
2412 1010 2679 1055 seorsumque

199 1078 444 1121 unoquoque
484 1065 575 1107 loco
611 1064 875 1107 diiudicanda
914 1065 998 1106 sint
1044 1078 1173 1119 neque
1212 1067 1321 1106 recte
1359 1064 1579 1107 diiudicari
1616 1066 1799 1120 possint,
1846 1068 1939 1122 q‘uis
1982 1070 2047 1111 est-
2083 1069 2240 1112 talibus
2280 1071 2320 1113 in
2364 1074 2676 1125 quaestionibus

200 1140 328 1184 semel
358 1142 544 1185 versatus
575 1139 646 1194 qui
676 1139 864 1183 nesciat?
922 1138 1088 1182 POSSE
1118 1138 1168 1182 de
1198 1140 1322 1183 verbo
1354 1139 1463 1182 viros
1495 1140 1560 1183 vel
1592 1140 1855 1185 doctissimos
1888 1143 1927 1185 in
1959 1142 2212 1187 editionibus
2242 1145 2384 1188 Plauti
2414 1147 2678 1204 Terentiique

200 1217 243 1258 et
272 1214 391 1258 libris
421 1214 707 1270 grammaticis
739 1213 826 1257 sive
857 1214 1014 1257 criticis
1045 1226 1165 1268 saepe
1195 1213 1330 1257 adhuc
1361 1214 1560 1257 erravisse
1598 1217 1639 1257 et
1681 1229 1813 1259 errare
1843 1231 1907 1260 res
1947 1217 2149 1270 quasdam
2194 1218 2236 1261 in
2278 1223 2431 1264 oertam
2468 1224 2675 1276 quandam

200 1287 402 1334 rationem
430 1286 659 1333 referendas
689 1289 731 1332 et
769 1287 846 1332 sub
876 1299 1003 1332 unum
1040 1288 1306 1343 conspectum
1343 1287 1601 1333 subiciendas
1638 1301 1767 1344 neque
1809 1289 2026 1336 referentes
2064 1305 2191 1347 neque
2228 1293 2476 1341 subicientes
2513 1297 2678 1344 videtur

199 1364 317 1409 nobis
347 1377 395 1408 ex
423 1363 793 1420 disputatiuncula,
824 1376 928 1419 quae
959 1363 1158 1418 sequitur,
1193 1365 1391 1407 constare.

408 1438 573 1483 POSSE
603 1439 733 1495 igit-ur
763 1438 870 1481 inter
900 1439 1013 1481 verbi
1045 1440 1159 1481 ‘esse’
1188 1439 1417 1494 composita
1448 1465 1500 1470 —
1529 1452 1623 1482 nam
1644 1440 1751 1482 illud
1783 1453 1830 1482 ex
1862 1441 1998 1495 ‘potis'
2029 1444 2070 1484 et
2103 1446 2217 1485 ‘esse'
2249 1444 2290 1486 in
2320 1457 2443 1489 unam
2473 1447 2678 1495 coaluisse

202 1526 344 1558 vocem
372 1514 480 1558 inter
510 1526 649 1558 omnes
679 1516 853 1565 constat,
886 1526 1140 1568 quamquam
1171 1514 1301 1568 ipsius
1329 1514 1457 1556 huius
1490 1515 1601 1559 verbi
1642 1516 1862 1569 compositi
1893 1516 2008 1571 origo
2039 1518 2339 1563 assimilatione
2369 1534 2473 1575 quae
2503 1528 2676 1567 vocatur

200 1589 325 1644 paulo
354 1589 490 1645 magis
519 1590 761 1633 oblitterata
790 1592 853 1632 est
893 1602 1018 1643 quam
1063 1591 1303 1639 ceterorum.¹
1351 1602 1430 1642 qua
1462 1602 1503 1632 re
1534 1590 1622 1643 ipso
1653 1590 1695 1633 in
1726 1591 1850 1633 huius
1881 1590 2261 1644 disputatiunculae
2291 1594 2432 1639 limine
2461 1598 2675 1652 proprium

201 1663 404 1718 quendam
433 1663 572 1706 locum
601 1663 830 1717 composito
862 1665 1005 1717 ‘posse'
1037 1675 1125 1706 esse
1156 1663 1446 1706 vindicandum
1477 1665 1548 1706 tuo
1580 1664 1668 1706 iure
1709 1665 1928 1719 suspiceris
1960 1692 2013 1697 —-
2046 1669 2110 1710 sat
2139 1667 2310 1724 dignum
2340 1673 2416 1722 est,
2447 1674 2496 1714 ut
2525 1672 2568 1715 in
2593 1673 2677 1718 ⁴hac

201 1737 440 1793 quaestione
465 1737 692 1794 peragenda
714 1737 848 1794 magis
869 1737 1084 1793 magisque
1114 1737 1307 1784 elucebit.
1338 1737 1388 1781 de
1419 1751 1499 1792 quo
1529 1738 1782 1783 accuratiore
1804 1739 1982 1794 quadam
2003 1744 2152 1797 agatur
2171 1742 2463 1798 disputatione,
2484 1745 2593 1790 unde
2617 1746 2677 1800 id,

201 1812 312 1866 quod
354 1813 478 1867 paulo
522 1816 615 1856 ante
660 1813 914 1864 monuimus,
954 1813 1079 1856 huius
1116 1826 1276 1867 quoque
1318 1813 1432 1855 verbi
1471 1814 1511 1856 in
1548 1827 1670 1856 usum
1706 1815 1982 1858 diiudicatum
2019 1819 2142 1870 atque
2178 1818 2490 1864 diiudicandum
2530 1821 2677 1867 cadere

199 1887 322 1930 facile
351 1888 613 1942 perspexeris.
1168 1942 1171 1944 .

405 1962 533 2004 Cuius
568 1962 618 2004 de
654 1962 873 2016 compositi
912 1962 1067 2016 origine
1098 1960 1198 2014 ‘ipse
1234 1960 1386 2002 indicio
1417 1963 1507 2004 est'.
1545 1961 1676 2015 ipsius
1708 1964 1753 2003 ut
1791 1963 2023 2005 »dimidiati
2055 1964 2290 2007 Menandri«
2327 1968 2422 2010 utar
2451 1967 2677 2021 locutione,

199 2037 360 2090 praeter
379 2036 578 2079 Plautum
609 2037 736 2079 etiam
756 2036 984 2079 Terentius,
1017 2036 1087 2090 qui
1118 2034 1270 2077 formas
1301 2039 1346 2082 et
1374 2047 1459 2081 non
1490 2041 1738 2083 contractas
1769 2062 1824 2067 —-
1847 2037 1968 2090 -potis
1997 2044 2037 2085 4-
2065 2040 2166 2081 esse'
2189 2064 2241 2068 -
2264 2042 2310 2086 et
2339 2044 2590 2090 contractas
2621 2069 2674 2077 —-

201 2113 347 2166 ‘posse'
384 2135 437 2141 —
480 2111 636 2166 pariter
676 2111 899 2153 adhibeant
934 2110 1057 2152 metri
1093 2112 1276 2153 tantum.
1323 2123 1579 2165 nequaquam
1611 2112 1860 2154 sententiae.
1907 2125 2030 2166 quam
2060 2112 2227 2167 quidem
2258 2115 2558 2170 respiciendam
2587 2131 2677 2164 esse

200 2186 278 2229 viri
309 2186 423 2230 docti
452 2187 668 2229 voluerunt
702 2199 779 2228 non
815 2186 939 2235 nulli,
977 2186 1134 2228 ratione
1165 2186 1321 2235 habita,
1344 2187 1422 2228 'ita
1456 2190 1500 2228 ut
1532 2200 1609 2229 non
1640 2188 1764 2230 semel
1797 2187 2041 2241 scripturam
2073 2189 2314 2242 primariam
2344 2191 2372 2233 i.
2404 2204 2438 2235 e.
2471 2205 2548 2237 non
2579 2206 2675 2238 con-

199 2264 390 2313 tractam,
423 2262 502 2304 etsi
532 2274 554 2304 a
585 2262 766 2303 librariis
798 2264 861 2303 est
892 2262 1123 2310 obscurata,
1156 2264 1268 2302 certa
1299 2274 1346 2303 ex
1378 2262 1533 2303 ratione
1564 2274 1636 2303 nos
1667 2262 1882 2303 restituere
1913 2263 2036 2304 liceat
2068 2266 2192 2317 atque
2224 2267 2427 2318 oport-eat.

404 2338 521 2386 Sane,
553 2337 662 2390 quod
692 2337 734 2377 in
763 2337 1000 2378 universum
1030 2339 1158 2389 patet,
1190 2349 1238 2378 ne
1260 2336 1401 2378 Plauti
1423 2324 1684 2389 Terentiique
1714 2349 1859 2390 genera
1891 2337 2065 2379 dicendi.
2098 2351 2274 2390 quorum
2305 2342 2478 2393 uterque
2508 2342 2674 2397 linguae

198 2425 322 2454 usum
352 2412 543 2455 exhibeat
573 2411 834 2459 familiarem,
873 2411 959 2461 ille,
990 2414 1038 2453 ut
1069 2424 1155 2470 rem
1187 2422 1311 2462 quam
1341 2410 1582 2452 brevissime
1612 2410 1833 2463 designem.
1876 2411 2097 2463 plebeium,
2131 2412 2198 2453 hic
2237 2413 2474 2465 patricium,
2506 2418 2548 2458 et
2577 2429 2673 2458 con-

197 2485 400 2542 iungenda
432 2488 475 2529 et
503 2485 792 2541 disiungenda,
826 2484 1073 2539 simpliciter
1102 2484 1208 2527 inter
1238 2498 1280 2527 se
1302 2484 1563 2527 misceantur.
1596 2497 1719 2537 quam
1739 2483 1917 2526 maxime
1938 2486 2002 2527 est
2022 2485 2292 2530 monendum:
2324 2487 2509 2532 homines
2529 2489 2673 2533 doctos

198 2561 330 2603 artem
374 2560 691 2616 grammaticam
729 2561 771 2602 et
807 2559 997 2602 criticam
1034 2560 1263 2601 exercentes
1305 2558 1415 2601 haud
1459 2571 1587 2612 pauc-a
1620 2557 1851 2612 peccavisse
1883 2559 2003 2602 rebus
2035 2563 2076 2602 et
2110 2560 2253 2603 formis
2285 2561 2491 2605 Plautinis
2522 2567 2673 2609 temere

197 2635 240 2676 in
269 2636 507 2678 Terentium
537 2635 702 2677 tralatis
733 2634 1025 2676 recentissimis
1056 2634 1310 2687 temporibus
1341 2633 1631 2674 intelleximus.

405 2712 550 2764 ltaque
581 2710 690 2764 quod
725 2711 801 2751 hoc
839 2709 1084 2762 opusculum
1128 2707 1180 2749 ad
1211 2721 1337 2762 genus
1369 2708 1787 2749 GRAMMATIGAE
1824 2710 2161 2753 HISTORICAE
2196 2715 2383 2766 spectans
2414 2714 2673 2758 conficientes

196 2785 399 2828 rationem
428 2785 590 2828 dicendi
616 2785 854 2828 Plautinam
883 2797 931 2826 ac
952 2783 1239 2826 Terentianam
1269 2783 1486 2825 seiunctim
1508 2784 1795 2833 tractavimus,
1828 2797 1907 2837 quo
1929 2786 2184 2838 comparatio
2205 2787 2393 2829 omnibus
2421 2787 2462 2829 in
2482 2788 2673 2841 partibus

198 2858 348 2903 evadat
374 2856 591 2910 facillima,
621 2872 752 2905 nemo,
784 2858 865 2901 nisi
895 2858 1029 2908 fallor,
1060 2870 1304 2913 magnopere
1334 2857 1641 2911 improbaverit.

403 2935 541 2990 Atque
583 2934 776 2990 quoniam
812 2932 1108 2976 derivationem
1143 2931 1256 2975 verbi
1303 2932 1424 2975 verbo
1463 2932 1629 2987 quidem
1665 2934 1905 2990 attigimus,
1944 2935 2158 2990 aptissime
2195 2936 2297 2978 hanc
2332 2935 2672 2991 disputationem,

197 3009 307 3063 quod
336 3009 489 3053 iterum
517 3010 570 3052 ad
600 3010 780 3052 indolem
811 3009 935 3051 huius
965 3008 1142 3063 pertinet
1172 3008 1327 3057 libelli,
1370 3008 1429 3050 sic
1461 3008 1677 3051 instituere
1708 3010 1826 3052 nobis
1857 3011 2067 3062 videmur,
2100 3014 2146 3053 ut
2177 3012 2309 3066 priore
2342 3012 2420 3054 hoc
2450 3012 2558 3055 libro
2587 3013 2674 3057 iam

196 3083 309 3126 edito
338 3084 389 3126 de
419 3086 583 3137 formis,
608 3082 744 3126 'altero
775 3086 917 3138 postea
948 3083 1121 3124 fortasse
1151 3082 1304 3124 edendo
1335 3083 1385 3124 de
1415 3084 1577 3137 syntaxi
1609 3097 1783 3138 agamus
1816 3085 1927 3126 verbi
1945 3088 2117 3137 .‘posse'.

401 3158 590 3201 Primum
634 3159 765 3213 igitur
808 3160 904 3200 sunt
945 3171 992 3200 ex
1030 3156 1183 3199 fabulis
1222 3157 1365 3199 Plauti
1402 3160 1445 3199 et
1481 3158 1662 3200 Terentii
1700 3160 1993 3212 superstitibus
2025 3160 2210 3212 exempla
2247 3185 2299 3189 »-
2337 3160 2455 3202 mille
2496 3161 2579 3203 fere
2616 3185 2671 3192 —

196 3229 428 3286 colligenda
457 3233 613 3277 omnia:
644 3235 761 3276 tanta
792 3246 887 3275 cum
918 3246 1015 3275 cura
1047 3234 1089 3274 et
1119 3231 1324 3275 anxietate
1355 3232 1451 3274 huic
1482 3233 1540 3275 rei
1573 3246 1738 3286 operam
1769 3248 1915 3276 navare
1946 3235 2119 3286 oportet,
2151 3235 2199 3275 ut.
2231 3247 2349 3276 nemo
2370 3234 2465 3287 plus
2485 3234 2672 3289 magisve
