2915 3642
553 215 563 229 ι,
602 168 840 229 ubicunque
886 168 960 213 inf.
1010 168 1145 212 forma
1186 147 1370 224 ‘petisse'
1409 167 1535 213 metri
1581 139 1729 221 causa
1753 163 1920 214 udatur

434 215 497 290 ’110
501 243 703 288 mutatio
728 256 843 288 more
872 243 1139 287 librariorum
1167 245 1354 299 respecto
1383 244 1452 286 vix
1481 242 1616 300 possit
1644 236 1872 299 excogitari
1901 240 2045 295 lenior,
2075 241 2129 287 cf.
2145 217 2328 289 Pseud
2335 256 2375 289 v.
2379 222 2471 289 26
2471 228 2543 301 (f
2545 239 2598 297 la,

990 461 1038 513 b)
1084 460 1220 507 ‘Potis
1250 461 1386 515 (—e)'
1419 461 1554 507 verbo
1584 461 1710 507 ‘esse'
1743 461 1913 506 omisso.

412 585 636 629 Ritschelii
655 585 884 636 annotatio,
912 598 1016 640 quae
1037 585 1193 640 legitur
1213 585 1605 640 Prolegomenorum
1626 585 1715 629 eius
1735 584 1847 628 Trin.
1870 583 2078 635 editionis,
2109 596 2236 638 quam
2256 585 2319 636 vir
2338 585 2693 640 praeclarissimus

202 672 309 704 anno
338 660 380 704 h.
412 673 444 703 s.
475 660 659 703 XLVIII
689 660 848 715 publici
879 660 982 703 iuris
1012 659 1124 710 fecit,
1157 672 1223 715 pg.
1256 658 1365 710 CXI,
1394 659 1631 716 praecedat:
1668 676 1687 698 ›
1723 693 1904 702 .....
1935 658 2105 701 tertiam
2140 661 2264 713 ‘potis'
2294 661 2360 704 vel
2386 664 2496 714 ‘pote’
2523 672 2688 704 vocem«

204 759 260 766 -
295 735 437 791 agitur
476 734 526 778 de
562 735 676 777 verbi
711 737 825 777 ‘esse'
863 734 1083 776 omissione
1121 758 1188 782 —,
1231 747 1360 788 »quae
1399 734 1475 775 hoc
1513 734 1662 776 habuit
1699 735 1920 790 singulare,
1960 737 2009 776 ut
2038 747 2116 777 non
2152 746 2224 789 pro
2248 733 2404 789 '‘potest'
2434 738 2598 779 tantum
2627 734 2692 779 vel

203 812 317 866 ‘potis
346 814 420 853 est’
448 812 730 864 usurparetur,
763 809 834 851 sed
865 809 993 851 etiam
1024 821 1096 863 pro
1126 808 1222 850 aliis
1253 808 1397 850 formis
1427 809 1517 850 eius
1547 809 1674 858 verbi,
1706 809 1838 852 etiam
1864 820 1937 863 pro
1968 808 2214 852 infinitivo«.

409 885 519 927 Ante
550 884 708 934 omnia',
751 884 802 926 de
831 876 1063 938 inquirendi
1094 883 1249 925 ratione
1278 895 1375 926 care
1407 883 1576 935 dixeris,
1623 883 1658 926 si
1695 883 1788 938 quis
1819 884 1929 926 recte
1959 883 2064 927 hanc
2099 882 2150 927 de
2181 883 2295 927 verbi
2326 886 2441 928 ‘esse'
2473 883 2694 928 omissione

204 950 488 1016 quaestionem
525 960 743 1002 instituere
764 959 879 1009 velit,
910 959 1252 1013 proficiscendum
1283 973 1370 1002 esse
1401 960 1452 1001 ab
1474 959 1526 1001 iis
1548 959 1759 1014 exemplis,
1791 959 1864 1001 ubi
1885 958 2057 1001 verbum
2077 957 2270 1001 additum
2291 959 2348 1001 sit
2368 959 2688 1010 substantivum,

203 1047 333 1090 neque
362 1034 472 1089 apud
504 1034 641 1089 ‘potis'
674 1036 789 1076 ‘esse’
821 1033 962 1077 omitti
993 1033 1191 1087 potuisse,
1222 1033 1302 1077 nisi
1332 1034 1460 1091 etiam
1496 1033 1703 1076 dissoluta
1731 1033 1863 1076 forma
1893 1032 2013 1088 plena
2042 1032 2088 1088 (i.
2119 1045 2154 1075 e.
2187 1032 2323 1088 ‘potis'
2361 1035 2475 1077 ‘esse'
2509 1033 2689 1088 adiecto)

203 1112 337 1154 exstet
376 1109 635 1164 respondens.
696 1108 869 1151 Talibus
915 1108 957 1150 in
1002 1109 1137 1159 rebus,
1183 1109 1224 1152 in
1256 1110 1408 1164 quibus
1454 1109 1621 1164 quidem
1665 1108 1825 1152 nonnisi
1868 1121 1966 1151 usus
2010 1110 2154 1164 regnat
2197 1108 2451 1164 disceptator
2483 1135 2535 1141 —
2567 1111 2693 1163 atque

206 1198 312 1228 usus·
353 1187 417 1227 est
458 1187 669 1241 tyrannus,
715 1184 787 1239 qui
830 1183 899 1225 hic
944 1183 1226 1239 agnoscendus
1268 1184 1381 1226 solus
1414 1210 1482 1233 —,
1529 1196 1577 1227 116
1624 1183 1905 1240 argutissimis
1957 1183 2124 1239 quidem
2154 1182 2510 1236 meditationibus,
2553 1184 2602 1227 ut
2630 1183 2693 1227 ita

204 1261 355 1308 dicam,
401 1260 551 1314 logicis
597 1259 820 1312 quicquam
850 1259 935 1299 veri
966 1259 1118 1299 certive
1149 1259 1338 1299 efficitur.

411 1333 604 1376 Ceterum
649 1346 741 1375 mea
782 1332 951 1386 quidem
995 1333 1197 1375 sententia
1241 1332 1506 1388 grammatici
1547 1333 1674 1375 multi
1714 1332 1850 1375 multa
1880 1331 2059 1387 quadam
2089 1332 2319 1387 cupiditate
2349 1332 2461 1387 capti
2492 1332 2684 1376 videntur

203 1398 518 1451 statuendarum
539 1407 790 1468 ,ἐλλείψεων
822 1432 874 1436 -
908 1406 1180 1449 0111133101111111
1202 1431 1269 1456 -,
1301 1419 1406 1460 quae
1436 1419 1479 1449 re
1510 1420 1617 1458 vera,
1651 1407 1686 1449 si
1716 1407 1952 1450 accuratius
1981 1418 2068 1448 rem
2098 1408 2238 1448 tecum
2268 1408 2445 1461 reputes,
2478 1418 2556 1449 non
2583 1409 2691 1450 sunt.

207 1483 358 1538 Itaque
403 1485 498 1526 ante
544 1483 681 1526 omnia
722 1482 828 1525 inter
868 1495 940 1524 nos
971 1480 1185 1524 conveniat
1216 1483 1390 1535 oportet,
1429 1481 1634 1535 quomodo
1654 1494 1738 1524 nos
1768 1482 1818 1525 de
1850 1482 2052 1536 ‘Potis(e)'
2085 1482 2209 1524 verbo
2242 1484 2356 1524 ‘esse'
2388 1482 2540 1525 omisso
2571 1482 2719 1525 verba·

204 1556 403 1601 facientes
434 1555 612 1600 velimus
643 1555 890 1598 intellectos.

412 1631 541 1675 Velut
577 1631 613 1674 si
649 1631 742 1686 quis
781 1631 998 1685 respondet
1034 1631 1243 1674 Romanus
1276 1657 1327 1662 -—
1366 1644 1414 1674 ne
1450 1631 1546 1674 aliis
1584 1631 1751 1686 quidem
1787 1632 1829 1674 in
1866 1632 2020 1688 linguis
2062 1631 2187 1674 huius
2224 1631 2283 1674 rei
2320 1630 2468 1674 desunt
2510 1631 2696 1686 exempla

206 1732 265 1741 -
313 1706 585 1764 interroganti
642 1706 802 1760 aliquid
859 1707 1014 1749 alicui:
1094 1707 1296 1749 »Verum«
1319 1740 1329 1756 ,
1386 1706 1557 1749 minime
1607 1707 1885 1750 annotandum
1936 1722 1957 1751 e
2007 1708 2165 1750 ratione
2212 1706 2581 1763 grammaticorum
2629 1707 2696 1749 vel

204 1781 640 1838 grammaticulorum:
675 1781 882 1824 »‘Verum'
916 1780 943 1823 i.
967 1793 1000 1824 e.
1034 1781 1174 1835 ⁶(Hoc)
1206 1793 1347 1823 verum
1378 1782 1504 1829 est'«;
1536 1782 1758 1836 utrumque
1789 1781 1873 1824 dici
1903 1796 1975 1838 per
2005 1795 2047 1825 se
2078 1783 2228 1837 potest,
2260 1794 2389 1837 neque
2420 1783 2558 1824 tamen
2587 1780 2694 1824 illud

205 1868 255 1900 ex
283 1857 362 1899 hoc
391 1856 529 1911 ellipsi
562 1858 699 1898 ortum
731 1857 808 1906 est,
839 1868 934 1898 nam
965 1858 1187 1910 utrumque
1218 1869 1288 1910 per
1318 1869 1360 1898 se
1392 1856 1528 1911 ipsum
1558 1858 1730 1899 rectum.
1792 1858 1934 1909 Nonne
1965 1858 2000 1901 si
2023 1858 2204 1901 ‘Verum'
2237 1856 2524 1901 tantummodo
2556 1856 2695 1900 dicens

206 1931 441 1986 respondet,
484 1930 733 1985 simpliciter
763 1930 963 1973 rationem
996 1931 1107 1973 ‘veri'
1140 1930 1303 1979 stat-uit,
1337 1931 1372 1972 si
1405 1931 1545 1985 ⁶(Hoc)
1579 1944 1718 1974 verum
1750 1934 1839 1982 est',
1872 1932 2074 1975 iudicium
2112 1932 2278 1986 plenum
2311 1932 2386 1974 hac
2416 1930 2696 1974 enuntiatione

205 2005 444 2061 eloquitur?
504 2006 652 2059 Itaque
688 2005 729 2046 in
760 2016 951 2059 responso
992 2005 1065 2046 illo
1104 2005 1236 2059 priore
1266 2005 1377 2049 1111111
1411 2005 1663 2059 (necessarii)
1701 2005 1836 2056 deest.
1873 2007 1978 2050 nihil
2014 2006 2236 2057 omissum,
2267 2005 2371 2049 nihil
2404 2004 2694 2060 supplendum!

206 2080 380 2122 Minime
416 2079 525 2121 enim
556 2080 875 2133 unumquodque
906 2079 1066 2121 dictum
1097 2079 1332 2134 praedicato
1364 2079 1494 2133 (sim.)
1531 2083 1668 2123 mente
1714 2081 1926 2124 adiciendo
1969 2082 2021 2125 ad
2066 2094 2228 2124 normas
2279 2080 2584 2124 enuntiatorum
2632 2082 2697 2122 est

207 2154 471 2211 dirigendum
502 2167 656 2204 eorum,
688 2168 791 2208 quae
822 2168 864 2196 re
896 2167 989 2196 vera
1022 2155 1268 2203 subiectum,
1302 2155 1598 2207 praedicatum,
1632 2156 1724 2197 31111.
1757 2157 2029 2199 exhibent.—

413 2229 594 2271 Eandem
624 2230 838 2277 rationem,
871 2231 919 2271 ut
948 2229 1045 2271 alio.
1078 2229 1158 2271 huc
1189 2242 1349 2283 quoque
1382 2232 1565 2283 spectare
1596 2231 1663 2271 vix
1697 2243 1882 2285 expresse
1904 2231 2164 2274 monendum.
2216 2230 2324 2284 Quid
2347 2230 2382 2272 si
2414 2230 2454 2271 in
2485 2229 2575 2283 ipsa
2605 2228 2695 2280 hac,

205 2303 258 2348 de
285 2317 367 2358 qua
397 2317 501 2347 mmc
532 2304 722 2361 agimus.
761 2304 964 2359 particula
997 2305 1249 2358 quaestionis
1279 2307 1441 2346 nostrae
1473 2310 1763 2360 argument-um
1800 2307 2006 2360 quoddam
2042 2306 2298 2360 praeclarum
2339 2305 2469 2347 latere
2504 2303 2695 2355 dicimus,

207 2391 289 2433 quo
319 2379 524 2423 sententia
552 2381 692 2422 nostra
725 2393 849 2434 quam
880 2379 1058 2421 maxime
1089 2379 1315 2447 fulciatur?

413 2454 527 2496 Num
570 2466 747 2507 usquam
777 2467 825 2496 ex
857 2454 933 2503 iis,
980 2466 1084 2508 quae
1114 2442 1246 2507 priore
1275 2455 1300 2507 g
1332 2453 1901 2507 (1131161611111113111111111111
1933 2455 2056 2509 ‘potis
2093 2456 2194 2497 esse
2241 2453 2395 2502 oculis,
2440 2464 2518 2493 non
2562 2453 2697 2493 mente

206 2529 387 2578 tantum,
419 2527 674 2581 conspicitur
703 2530 967 2582 portentum?
997 2529 1055 2570 At
1085 2540 1212 2570 nonne
1244 2527 1472 2569 infinitixus
1505 2527 1641 2581 potis'
1674 2527 1782 2581 apud
1813 2528 1949 2582 ipsum
1970 2529 2169 2571 Plautum
2200 2528 2328 2583 (sicut
2349 2527 2512 2581 “posse)
2543 2525 2698 2579 optime

205 2600 533 2644 confirmatum?
592 2602 779 2655 Quonam
809 2602 898 2645 iure
929 2602 1013 2645 iam
1044 2602 1178 2645 dicere
1208 2602 1308 2645 licet
1346 2602 1586 2645 huiusmodi
1630 2603 1828 2657 exemplis
1871 2606 2007 2647 mente
2052 2604 2314 2647 adiciendum
2360 2603 2506 2644 *esse'P
2564 2599 2698 2653 Quare

205 2675 243 2719 si
273 2675 326 2719 de
355 2676 479 2719 verbo
512 2678 626 2719 ‘esse'
659 2676 767 2729 apud
801 2677 936 2729 ‘potis'
968 2677 1121 2718 omisso
1146 2703 1197 2707 —
1220 2677 1437 2718 brevitatis
1469 2691 1593 2718 causa
1626 2678 1685 2718 sic
1717 2678 1938 2719 scribimus
1972 2704 2022 2708 -—
2046 2679 2168 2720 verba
2198 2677 2387 2724 facimus,
2420 2687 2497 2716 non
2529 2676 2617 2716 tam
2637 2675 2697 2716 sic

206 2761 229 2794 e
258 2748 420 2793 ratione
448 2749 864 2805 grammaticulorum
908 2750 1271 2805 interpretandum,
1314 2755 1363 2793 ut
1394 2753 1564 2794 verbum
1595 2753 1726 2795 subst.
1773 2767 1843 2807 per
1881 2767 1923 2796 se
1956 2752 2231 2795 necessarium
2262 2751 2314 2794 ob
2350 2750 2453 2791 hanc
2484 2748 2550 2791 vel
2580 2748 2698 2814 illam

207 2836 378 2867 causam
409 2824 488 2880 (ex.
519 2838 581 2881 gr.
612 2824 847 2878 metricam)
879 2826 1229 2880 praetermissum,
1262 2840 1387 2881 quam
1432 2827 1492 2870 ita
1534 2829 1581 2870 ut
1619 2828 1789 2871 verbum
1829 2828 1960 2871 subst.
1993 2826 2242 2881 simpliciter
2277 2837 2354 2867 non
2390 2823 2581 2866 additum
2611 2836 2699 2865 esse

204 2897 452 2942 iudicemus.
514 2899 747 2942 Discrimen
777 2900 958 2942 dicendi:
992 2902 1175 2944 ‘verbum
1206 2903 1338 2944 subst.
1362 2903 1425 2944 est
1446 2902 1797 2954 praetermissum'
1829 2905 1872 2944 et
1905 2903 2088 2944 ‘verbum
2120 2901 2251 2942 subst
2274 2911 2352 2940 non
2382 2899 2447 2939 est
2475 2896 2693 2946 additum’,

205 2970 287 3016 11131
315 2971 453 3023 fallor,
485 2976 667 3027 apparet.
729 2973 808 3018 Sed
840 2973 924 3017 iam
955 2974 1006 3017 ad
1038 2989 1123 3017 1em
1154 2975 1307 3028 ipsam!

331 3052 334 3055 '
414 3045 526 3100 Quot
568 3046 673 3091 locis
720 3047 870 3091 ‘Potin'
903 3072 958 3078 —
987 3047 1200 3091 modo—
1140 3081 1197 3087 -
1229 3048 1365 3091 ‘Potin
1410 3051 1465 3092 es'
1513 3049 1582 3104 (cf.
1630 3007 1751 3093 Poen.
1785 3064 1822 3092 1.
1858 3051 1969 3093 1089
2001 3051 2068 3105 (V,
2102 3052 2141 3101 2,
2177 3049 2296 3103 129):
2342 3048 2483 3098 „Potin
2526 3051 2570 3089 tu
2603 3048 2701 3095 fieri

204 3121 426 3166 subdolus?
457 3123 511 3176 44-
541 3123 699 3166 Inimico
723 3128 894 3177 possum‘
896 3123 938 3175 ‘),
969 3122 1179 3166 modo—
1122 3142 1179 3161 =
1210 3123 1345 3165 ‘Potin
1377 3126 1452 3165 est'
1486 3124 1611 3178 (quod
1634 3125 1768 3166 multo
1791 3126 1971 3178 saepius)
2004 3150 2056 3155 —
2089 3124 2333 3172 inveniatur,
2364 3136 2403 3164 v.
2425 3123 2449 3176 ς
2474 3125 2509 3164 1.
2561 3122 2699 3175 Atque

203 3196 249 3241 in
277 3195 669 3253 interrogationibus
701 3197 760 3241 sic
797 3198 1047 3253 comparatis
1083 3210 1241 3252 semper
1270 3198 1353 3240 fere
1389 3199 1538 3241 ‘Potin'
1573 3199 1659 3242 sine
1704 3200 1826 3242 verbo
1859 3200 1991 3243 subst.
2033 3201 2170 3242 exstat
2209 3196 2431 3240 memoriae
2470 3196 2694 3251 proditum,
