2915 3642
1443 620 1560 689 gl.

835 835 897 880 1..
941 730 1267 921 Poris
1312 837 1355 878 ..
1407 773 1690 877 POTE
1868 838 2176 880 m...

1110 1159 1156 1212 a)
1208 1158 1356 1207 ‘Potis’
1388 1159 1524 1206 verbo
1555 1160 1678 1206 ‘esse’
1710 1158 1896 1206 adiecto.

468 1263 646 1307 Plautus
681 1264 724 1306 et
757 1262 993 1313 Terentius,
1039 1265 1086 1305 ut
1115 1262 1209 1313 alii,
1246 1262 1398 1305 formas
1435 1265 1477 1306 et
1511 1274 1590 1304 non
1628 1263 1860 1304 contractas
1890 1263 1934 1303 ‘et
1964 1263 2219 1312 contractas,
2260 1261 2369 1315 quod
2405 1261 2456 1305 ad
2493 1262 2741 1306 sententiam

259 1339 432 1390 attinet,
464 1338 550 1381 sine
578 1319 667 1379 ulla
693 1339 895 1392 usurpant
920 1337 1164 1379 differentia.
1223 1337 1383 1379 Desunt
1409 1337 1518 1380 enim
1543 1337 1713 1379 minime
1744 1336 1822 1378 viri
1849 1335 1981 1385 docti,
2025 1335 2096 1389 qui
2123 1348 2165 1378 re
2192 1348 2286 1378 vera
2313 1335 2530 1379 discrimen
2557 1339 2741 1380 statuere

261 1408 469 1454 voluerint
487 1411 725 1461 sententiae,
756 1413 918 1464 praeter
936 1411 1042 1452 alios
1063 1411 1290 1460 Bentleius,
1321 1411 1385 1452 vir
1404 1411 1664 1482 sagacissimi
1685 1411 1851 1464 ingenii,
1882 1409 1933 1451 cf.
1963 1409 2139 1461 exempli
2169 1409 2306 1463 gratia
2326 1410 2414 1451 eius
2434 1411 2741 1453 annotationem

260 1484 316 1528 ad
345 1485 436 1528 Ter.
467 1485 571 1528 Eun.
602 1497 639 1526 v.
673 1485 755 1527 113
786 1484 839 1537 (I,
870 1485 910 1535 2,
942 1484 1028 1539 83).
1088 1483 1288 1527 Attamen
1322 1484 1364 1527 in
1397 1483 1643 1527 adhibendis
1686 1483 1831 1527 formis
1867 1495 1945 1526 non
1985 1482 2208 1525 contractis
2247 1482 2322 1526 hos
2358 1485 2499 1538 poetas
2535 1495 2613 1528 non
2647 1486 2741 1533 tam

261 1560 390 1602 libere
420 1572 468 1601 ac
497 1561 663 1610 temere,
695 1571 821 1613 quam
849 1558 985 1601 adhuc
1018 1558 1095 1601 viri
1124 1559 1237 1602 docti
1267 1559 1566 1610 iudicaverunt,
1598 1562 1782 1601 versatos
1813 1570 1901 1602 esse
1931 1558 2233 1613 intellegemus.

469 1690 731 1744 Quamquam
760 1689 892 1744 igitur
911 1689 1122 1731 Prisciano
1138 1691 1166 1743 ¹)
1196 1692 1239 1731 et
1268 1690 1409 1732 Servio
1418 1691 1452 1744 2)
1473 1690 1652 1732 testibus
1675 1644 1880 1744 ‘poti{}'³)
1901 1702 1973 1743 pro
1995 1690 2227 1744 ‘nomine'⁴)
2248 1693 2312 1732 est
2333 1690 2578 1741 habendum,
2600 1693 2743 1734 tamen

261 1766 364 1809 haec
391 1765 524 1808 forma
553 1766 777 1819 usurpatur
805 1763 848 1806 in
878 1766 1052 1818 utroque
1081 1764 1267 1807 omnium
1292 1777 1487 1820 generum
1516 1777 1704 1807 numero:
1736 1766 1778 1807 et
1808 1764 1850 1807 in
1880 1764 2079 1821 singulari
2110 1767 2152 1808 et
2181 1765 2223 1807 in
2252 1765 2459 1821 plurali-⁵),
2491 1766 2554 1809 ita
2582 1769 2632 1809 ut
2661 1766 2741 1809 hoc

259 1854 408 1885 nomen
438 1841 495 1883 sit
530 1839 881 1883 annumerandum
910 1839 1284 1882 indeclinabilibus.
1345 1840 1493 1894 Itaque
1523 1853 1601 1882 non
1646 1842 1756 1882 recte
1801 1840 1888 1896 egit
1934 1840 2086 1882 Pareus
2136 1841 2297 1882 ›Lexici
2333 1840 2544 1883 Plautini«
2585 1841 2665 1884 sub
2702 1854 2741 1883 v.

263 1917 511 1960 ‘Potessum'
542 1917 759 1960 annotans:
796 1917 896 1959 »Pos
925 1915 1035 1958 enim
1064 1916 1108 1959 in
1129 1930 1289 1969 possum
1319 1918 1383 1958 est
1413 1929 1461 1958 ex
1483 1917 1613 1969 potis:
1644 1917 1687 1957 et
1707 1930 1781 1969 pos
1811 1916 1853 1957 in
1875 1930 2082 1970 possumus
2112 1919 2175 1959 est
2204 1930 2252 1960 ex
2274 1920 2400 1970 potes,
2435 1916 2634 1970 plurali«.

468 1991 799 2047 Significationes
840 1991 1063 2034 locutionis
1107 1990 1243 2045 ‘potis'
1287 1992 1400 2045 (cum
1432 1992 1546 2033 ‘esse'
1583 1991 1841 2045 coniunctae)
1873 2016 1927 2022 —
1959 1991 2009 2033 cf.
2043 1992 2225 2045 ‘potens',
2258 1991 2434 2045 ‘potior',
2467 1990 2741 2046 ‘potissimus'

260 2066 416 2108 formas
446 2090 500 2097 —-
531 2065 583 2107 ad
614 2065 717 2107 duas
747 2066 928 2107 rationes
958 2066 1131 2119 possunt
1159 2065 1313 2115 referri,
1345 2077 1519 2118 quarum
1549 2065 1681 2108 altera

537 2141 579 2193 a)
624 2139 675 2179 ad
707 2151 899 2193 personas
930 2139 975 2193 (i.
1008 2151 1042 2180 e.
1073 2142 1122 2179 ut
1150 2139 1295 2193 lingua
1326 2140 1421 2180 utar
1449 2139 1667 2181 vernacula
1701 2138 1930 2181 »imstande
1961 2138 2058 2188 sein,
2090 2140 2367 2194 vermogem),
2404 2139 2537 2190 altera

537 2213 582 2267 b)
627 2212 680 2254 ad
709 2225 774 2255 res
804 2213 851 2267 (i.
882 2225 917 2254 e.
952 2212 1161 2267 ›moglich
1191 2213 1324 2267 sein«)
1354 2213 1544 2267 pertinet.
1649 2204 1657 2211 ’

468 2289 701 2342 Usurpatae
731 2289 873 2331 autem
903 2287 945 2330 in
975 2287 1118 2330 Plauti
1149 2287 1363 2330 codicibus
1394 2290 1557 2341 exstant
1586 2288 1741 2330 formae

467 2413 503 2459 1)
528 2414 570 2454 cf,
594 2413 689 2449 Just.
722 2413 786 2455 VI,
816 2414 862 2450 67
894 2413 970 2458 (pg.
1002 2414 1100 2459 708).
1148 2412 1193 2459 2)
1223 2413 1398 2459 Inspicias
1434 2413 1629 2448 Comment.
1664 2413 1700 2447 in
1734 2413 1836 2458 Verg.
1860 2413 1946 2447 Aen.
1982 2411 2050 2454 ΙΙΙ,
2090 2412 2171 2451 671.
2218 2411 2264 2458 3)
2289 2411 2378 2449 Cum
2410 2413 2514 2458 ‘pote'
2538 2425 2601 2459 pro
2626 2413 2743 2459 ‘potis’

262 2478 419 2513 conferas
443 2482 477 2513 v.
501 2488 531 2512 c.
557 2477 728 2512 ‘fortasse'
759 2488 823 2522 pro
857 2476 1051 2518 ‘fortassis’,
1081 2477 1175 2521 (⁴sat'
1206 2488 1270 2523 pro
1295 2477 1435 2524 ‘satis'),
1469 2478 1592 2523 ‘mage'
1624 2488 1687 2522 pro
1719 2478 1853 2522 ‘magis'
1877 2477 1936 2520 (cf.
1961 2486 2000 2510 ex
2024 2486 2080 2521 gr.
2104 2476 2193 2510 Don.
2217 2478 2337 2512 annot.
2365 2476 2411 2511 ad
2434 2477 2513 2513 Ter.
2537 2477 2687 2524 Adelph.
2709 2488 2743 2516 v.

260 2543 332 2579 264
352 2541 416 2584 (Π,
439 2543 472 2583 3,
497 2542 578 2587 11),
618 2541 671 2574 ita
693 2542 736 2574 ut
758 2540 909 2575 formam
933 2541 1050 2586 ‘potis'
1074 2539 1230 2575 iudicare
1253 2540 1357 2576 liceat
1381 2542 1610 2586 oporteatque
1645 2540 1868 2585 primariam
1933 2539 2059 2574 harum
2090 2539 2284 2575 formarum
2313 2541 2445 2587 ('potis‘
2485 2541 2673 2587 primariae
2704 2544 2744 2577 et

261 2605 366 2650 ‘pote'
402 2602 627 2639 secundariae
662 2603 719 2638 vel
754 2602 978 2648 debilitatae)
1013 2602 1055 2638 de
1093 2613 1159 2641 usu
1194 2605 1230 2637 et
1260 2603 1424 2638 Plautino
1449 2605 1487 2638 et
1510 2603 1720 2637 Terentiano
1745 2601 1830 2647 quid
1860 2602 2057 2641 dicendum,
2092 2614 2124 2639 v.
2149 2603 2254 2648 paulo
2285 2603 2388 2639 infra.
2443 2603 2610 2640 Conferas
2633 2604 2742 2640 etiam
2816 2592 2826 2602 ⁸

261 2667 374 2704 Periz.
397 2666 444 2701 ad
467 2667 584 2703 Sanct.
608 2666 697 2702 Min.
721 2676 796 2712 cap.
820 2665 855 2701 X
876 2677 940 2712 pg.
966 2666 1045 2708 215,
1070 2666 1099 2703 1.
1125 2665 1168 2703 G.
1193 2665 1312 2702 Vossii
1336 2666 1448 2702 Arist.
1473 2677 1500 2702 s.
1526 2652 1599 2700 vDe
1622 2668 1698 2700 arte
1720 2675 1868 2710 gramm.
1893 2675 1968 2710 cap.
1991 2666 2047 2708 21,
2073 2665 2240 2702 Ruddim.
2264 2666 2401 2702 Institt.
2425 2668 2510 2702 tom.
2534 2666 2553 2702 1
2575 2678 2656 2712 pag.
2673 2667 2742 2705 119

261 2741 342 2766 ann.
371 2732 432 2772 45,
465 2729 618 2776 Reisigii
656 2729 922 2775 „Vorlesungen
957 2729 1018 2769 sib,
1042 2729 1104 2766 lat.
1129 2730 1229 2775 Spr.“
1263 2730 1285 2774 ἓ
1319 2730 1396 2771 135,
1432 2730 1464 2772 7,
1497 2728 1603 2765 Neuii
1637 2727 1907 2769 „Formenlehre
1932 2727 1966 2765 d.
1989 2728 2051 2765 lat.
2078 2730 2177 2776 Spr.“
2202 2733 2288 2765 tom.
2311 2730 2349 2766 ΙΙ
2376 2731 2425 2777 (2.
2450 2729 2553 2776 edit.)
2579 2739 2639 2776 pg.
2661 2731 2743 2775 692,

262 2799 443 2835 Kuehneri
475 2798 597 2839 „Ausfi
627 2797 783 2833 Gramm.
810 2798 846 2832 d.
869 2798 931 2832 lat.
956 2799 1055 2843 Spr.“
1081 2800 1168 2833 tom.
1192 2798 1208 2833 1
1231 2810 1290 2844 pg.
1314 2799 1383 2835 376
1415 2801 1487 2834 not.
1513 2798 1545 2835 1.
1568 2817 1613 2823 —
1639 2787 1841 2853 {Numeris
1877 2799 1959 2832 utor
1997 2798 2083 2833 locis
2113 2799 2442 2835 Terentianum
2483 2799 2743 2835 comoediarum

261 2867 457 2903 excitandis
481 2867 769 2911 Umpfenbachii3
794 2866 1072 2901 Plautinarum
1097 2866 1215 2912 Epid„
1240 2866 1355 2908 Cure„
1379 2866 1489 2907 Asin„
1514 2865 1628 2907 Truc„
1652 2865 1746 2907 Aul„
1770 2865 1911 2910 Amph„
1935 2866 2054 2909 Mero„
2071 2868 2193 2909 Stich„
2217 2869 2331 2909 Poen.‚
2348 2867 2484 2909 Pseud„
2501 2866 2614 2912 Capt„
2638 2867 2744 2911 Rud„

261 2928 400 2972 Bacch,
423 2928 521 2965 Trin.
545 2927 805 2964 Ritschelianae
841 2926 1008 2964 editionis
1040 2929 1165 2970 „sociis
1198 2939 1321 2974 operae
1345 2928 1543 2974 adsumptis
1568 2927 1727 2963 Gustavo
1751 2928 1885 2971 Loewe,
1911 2930 2064 2976 Georgio
2090 2930 2211 2973 Goetz,
2237 2930 2414 2966 Friderico
2439 2930 2611 2971 Schoell“,
2636 2930 2744 2973 Men„

263 2993 382 3033 Most,
405 2992 504 3028 Pers.
528 2991 686 3028 eiusdem
709 2991 894 3027 Ritschelii
917 3003 957 3027 ex
982 2991 1196 3028 editionibus
1221 2992 1403 3029 1848-54
1426 2991 1557 3035 publici
1581 2991 1670 3026 iuris
1693 2991 1814 3033 factis;
1839 2993 1916 3028 Mil.
1942 2995 2031 3039 glor.
2057 2994 2099 3029 Ο.
2123 2994 2305 3028 Ribbeckii
2329 2995 2376 3039 (a.
2400 2994 2528 3038 1881);
2554 2992 2634 3029 cas.
2651 2993 2746 3040 Gep-

260 3056 356 3102 perti
387 3057 432 3099 (a.
457 3055 577 3101 1866),
614 3054 734 3089 Vidul.
770 3053 922 3090 Winteri
957 3055 1014 3099 (cf.
1052 3055 1172 3090 Plauti
1203 3054 1273 3089 sab.
1304 3052 1475 3099 deperdit.
1506 3053 1645 3099 fragm„
1679 3053 1822 3090 Bonnae
1846 3057 1966 3103 1885).
1992 3076 2036 3083 -·
2061 3056 2148 3092 Cist.
2181 3055 2335 3091 nondum
2358 3058 2523 3090 accurato
2553 3066 2634 3091 cum
2662 3066 2746 3103 app.

262 3124 342 3159 crit.
364 3113 505 3181 edita}
554 3122 599 3168 4)
631 3123 655 3157 i.
671 3133 701 3158 e.
725 3133 790 3168 pro
813 3123 1005 3165 adiectiv03
1032 3124 1075 3158 cf.
1098 3124 1218 3158 tamen
1242 3121 1415 3157 iudicium
1439 3122 1588 3168 Reisigii
1611 3121 1636 3156 l.
1652 3122 1675 3157 l.
1701 3124 1722 3169 ξ
1749 3124 1826 3167 135,
1850 3125 1873 3162 7
1896 3129 1932 3160 et
1955 3125 2133 3161 Kuehneri
2157 3125 2180 3159 l.
2205 3124 2227 3160 l.
2252 3126 2338 3159 tom.
2362 3124 2381 3159 l
2402 3135 2488 3171 pgg.
2511 3126 2582 3163 376
2604 3128 2642 3160 et
2664 3126 2747 3163 5ae

263 3190 308 3237 ὅ)
333 3191 519 3238 Nusquam
542 3192 613 3227 nisi
635 3192 702 3227 hoc
724 3192 800 3227 loco
823 3202 864 3227 ex
887 3202 1064 3238 augurum
1086 3192 1189 3227 libris
1213 3202 1234 3226 a
1258 3191 1416 3225 Varrone
1441 3190 1502 3236 (de
1525 3191 1614 3236 ling.
1640 3191 1702 3226 lat.
1737 3191 1780 3234 V,
1806 3193 1860 3234 10,
1885 3194 1946 3238 58)
1971 3192 2133 3227 laudato:
2168 3192 2272 3233 „Divi
2295 3193 2357 3237 qui
2380 3195 2518 3237 poter,
2549 3192 2593 3228 de
2617 3203 2688 3239 quo
2711 3204 2748 3229 v.

262 3252 354 3290 Neu.
376 3254 400 3290 1.
426 3255 449 3290 1.
473 3257 558 3291 tom.
582 3254 631 3291 11.
656 3266 717 3301 pg.
740 3256 787 3293 98
809 3256 847 3291 et
869 3255 1008 3291 Kuehn.
1032 3255 1055 3289 l.
1072 3255 1096 3290 l.
1120 3257 1205 3290 tom.
1230 3255 1259 3289 1.
1284 3266 1344 3300 pg.
1368 3256 1447 3298 359,
1474 3254 1619 3289 videtur
1644 3254 1873 3298 declinatum
1899 3256 1942 3290 cf.
1966 3256 2073 3291 etiam
2091 3255 2192 3290 Varr.
2217 3254 2303 3290 ibid.
2328 3255 2372 3298 V,
2397 3257 2428 3297 1,
2453 3255 2477 3292 4
2501 3256 2677 3302 (‘impoe').
